1747 2988
528 89 863 137 E·1³on0N
901 92 1163 160 UBER-
1360 83 1367 84 *
1462 90 1567 145 ἠς

196 177 383 226 Effare:
404 178 562 239 jussas
581 194 696 225 cum
714 176 812 225 fide
829 193 998 241 poenas
1017 181 1149 228 luam
1161 215 1177 240 .‚

193 252 400 297 Paratus
420 250 643 313 expiare,
662 266 748 302 seu
767 252 1080 313 poposceris,
1110 309 1115 314 Ι

197 321 412 368 Centum
433 319 822 380 juvencos.,‘sive
842 321 1066 368 mendaci
1083 321 1189 385 lyra

196 391 345 455 Voles
367 391 562 449 sonari3
581 402 639 437 tu
656 390 862 454 pudica,
882 401 939 438 tu
957 391 1139 455 proba,

193 460 565 509 Perambulabis
583 472 708 507 astra
726 462 863 509 sidus
882 475 1105 510 aureum.

195 532 398 580 Infamis
409 529 428 555 ⁵
441 533 643 579 Helenae
658 532 830 580 Castor
847 531 1072 580 offensus
1090 534 1196 581 vice
1206 566 1223 591 .‚

195 607 464 667 Fraterque
485 604 651 668 magni
671 604 912 662 Castoris,
932 604 1051 651 victi
1068 621 1238 667 prece,

195 675 443 737 Adempta
462 675 564 721 vati
581 674 835 721 reddidere
853 675 1060 721 lumina.

196 744 256 791 Et
273 756 331 791 tu
343 778 359 804 .,
382 755 525 808 potes
544 761 683 804 nam,
703 734 840 792 solve
856 761 937 792 me
958 743 1227 804 dementia,

197 816 242 861 O
262 832 354 862 nec
371 816 591 879 paternis
611 816 833 862 obsoleta
852 815 1108 875 sordibus,

197 887 300 933 Nee
315 887 372 932 in
390 887 631 949 sepulcris
651 899 926 948 pauperum
946 886 1163 948 prudens
1182 902 1307 934 anus

199 956 547 1003 Novemdiales
568 956 802 1019 dissipare
818 956 1062 1018 pulveres.

201 1026 310 1090 Tibi
329 1027 575 1090 hospitale
592 1037 767 1090 pectus
788 1037 836 1073 et
853 1044 992 1091 purae
1010 1043 1200 1076 manus.

259 1091 262 1094 ¹
688 1115 716 1145 c
731 1115 764 1145 A
780 1113 814 1144 ιτ
829 1116 848 1145 1
862 1116 895 1145 n
912 1118 929 1145 1
944 1117 992 1147 A.
1056 1117 1059 1118 ⁷
1206 1095 1221 1098 '¹

200 1167 339 1228 Quid
358 1168 596 1216 obseratis
614 1168 817 1215 auribus
838 1168 1006 1216 fundis
1025 1171 1222 1232 preces?

197 1240 317 1287 Non
335 1255 451 1285 saxa
469 1238 618 1285 nudis
636 1239 861 1286 surdiora
884 1240 1061 1286 navitis
1233 1243 1245 1249 ⁷

196 1308 469 1371 Neptunus
488 1310 589 1357 alto
609 1309 777 1357 tundit
793 1310 1035 1357 bibemus
1056 1311 1172 1357 salo.

195 1380 398 1427 Inultus
418 1390 476 1426 ut
495 1387 556 1427 tu
572 1380 731 1427 riseris
744 1375 763 1403 ⁶
778 1380 997 1445 Cotyttia

201 1451 439 1515 Vulgata,
457 1467 648 1499 sacrum
666 1451 812 1500 liberi
829 1451 1120 1514 Cupidinis?
1202 1486 1206 1493 .

198 1521 261 1569 Et
274 1517 293 1544 ⁷
304 1523 549 1585 Esquilini
566 1522 801 1570 Pontifex
818 1520 1023 1567 venefici
1100 1542 1105 1545 “

197 1583 414 1656 Impune
434 1605 492 1640 ut
510 1594 686 1641 urbem
705 1593 910 1640 nomine
928 1591 1149 1655 impleris
1169 1608 1279 1639 meo
1291 1593 1313 1638 Ρ

200 1663 344 1725 Quid
360 1665 595 1727 proderat
613 1665 791 1712 ditasse
809 1663 1032 1726 Pelignas
1051 1679 1201 1721 anus,

199 1735 500 1783 velociusve
517 1736 769 1783 miscuisse
788 1735 1014 1781 toxicum
1024 1736 1046 1780 Ξ)

199 1805 300 1854 Sed
316 1805 531 1853 tardiora
552 1806 648 1854 fata
668 1818 714 1853 te
732 1806 863 1852 votis
885 1804 1098 1852 manent.

195 1878 395 1941 Ingrata
415 1878 593 1924 misero
612 1877 713 1925 vita
732 1876 1071 1936 ducendaest,
1089 1877 1143 1922 in
1160 1875 1286 1934 hoc,

197 1943 361 1996 Nssvis
380 1958 439 1994 ut
458 1964 618 2010 usque
638 1959 871 2011 suppetas
891 1947 1166 1996 doloribus.

199 2020 358 2081 Optat
374 2019 593 2081 quietem
614 2020 809 2082 Pelopis
826 2018 1012 2066 infidus
1032 2030 1195 2082 pater,

195 2090 359 2152 Egens
376 2088 601 2152 benignae
620 2090 855 2136 Tantalus
875 2106 1068 2152 semper
1088 2089 1250 2153 dapis;

198 2161 359 2223 Optat
377 2160 708 2207 Prometheus
726 2160 972 2222 obligatus
991 2160 1120 2215 aliti;

198 2231 359 2294 Optat
377 2246 611 2292 supremo
631 2232 870 2279 collocare
892 2229 1136 2293 Sisyphus

198 2355 228 2400 5
268 2354 492 2400 Helenam
528 2355 815 2400 Stesichorus
952 2369 980 2412 7
1005 2354 1060 2396 Et
1079 2352 1209 2411 quasi
1226 2351 1400 2397 Censor
1417 2367 1469 2396 ae
1488 2354 1513 2395 J
1518 2354 1563 2396 u-‘

133 2420 341 2466 versibus
356 2421 698 2471 contumeliosis
713 2420 818 2466 insa·
885 2420 977 2464 dex
1021 2418 1168 2465 sactus
1211 2418 1536 2463 veneficiorum
1551 2450 1566 2470 ‚

134 2497 349 2532 mavei-at.
887 2502 989 2546 quae
1028 2494 1175 2532 tracto
1213 2493 1340 2530 extra
1384 2494 1566 2544 portam

197 2553 233 2600 6
259 2554 481 2612 Cotyttia,
513 2553 564 2598 id
596 2564 662 2599 est
692 2569 820 2600 sacra
888 2551 1180 2613 Esquilinam.

135 2630 361 2667 nocturna
380 2630 426 2666 et
441 2621 678 2681 flagitiosa.

1288 2728 1364 2759 11.
