1747 2988
375 129 984 183 EPISTOLARUM
1019 122 1175 185 Lm.
1215 138 1257 185 1.
1435 152 1538 208 212

65 219 632 286 Gratia⁷nequidquam
651 224 753 271 coit
772 235 822 271 et
840 224 1169 272 rescinditur?
1187 236 1238 273 at
1257 211 1350 273 vo's

62 302 182 348 Seu
205 295 401 344 calidus
421 296 646 359 sanguis,
664 311 752 343 seu
771 311 939 342 rerum
958 295 1150 342 inscitia
1169 307 1318 344 vexat

62 365 341 418 Indomita
362 366 550 413 cervice
570 365 726 426 feros,
746 365 1053 430 ubicumque
1071 365 1299 415 locorum

64 440 274 487 vivitis
286 468 304 497 ,
320 437 515 502 indigni
535 436 807 486 fraternum
826 453 1059 501 rumpere
1078 436 1267 497 foedus,

67 510 316 560 Pascitur
333 509 389 555 in
407 518 630 556 vestrum
650 507 866 557 reditum
886 509 1055 556 votiva
1071 508 1300 572 juvenca.
1377 526 1380 529 ·

423 784 1201 855 EPIsToLAIV.

332 913 439 982 An
475 933 801 981 ALBmM
837 871 1292 1007 TlssULLiJM.

69 1040 162 1127 Α
173 1093 209 1124 1.
222 1092 250 1123 n
261 1092 307 1135 1,
325 1085 617 1123 nostrorum
635 1070 1158 1124 sermonum⁸candide
1176 1074 1361 1137 judex,

71 1146 234 1212 Quid
252 1162 390 1193 nunc
408 1157 459 1193 te
478 1145 637 1193 dicam
657 1146 811 1194 faeere
830 1148 887 1197 iu
903 1149 1104 1212 regione
1122 1146 1347 1195 Pedana?
1391 1204 1392 1207 Ἴ

71 1213 482 1280 Scribere⁹quod
501 1217 632 1266 Cassi
652 1218 928 1265 Parmensis
947 1217 1188 1282 opuscula
1203 1216 1399 1264 vincat?

70 1294 165 1342 An
185 1289 402 1337 tacitum
420 1287 563 1335 silvas
582 1288 713 1334 inter
731 1298 922 1349 reptare
942 1287 1184 1346 salubres,

73 1365 362 1413 Curantem
383 1357 631 1422 quidquid
650 1358 858 1422 dignum
879 1359 1098 1422 sapiente
1116 1357 1352 1421 bonoque
1372 1356 1476 1404 est?

68 1434 207 1493 Νοῃ
230 1440 288 1477 tu
307 1445 490 1493 corpus
510 1445 614 1477 eras
633 1430 738 1476 sine
755 1440 972 1493 pectore.
1000 1429 1065 1477 Di
1083 1427 1178 1475 tihi
1193 1424 1437 1489 formam,

69 1506 144 1558 Di
166 1502 271 1551 tihi
290 1500 484 1549 divitias
504 1501 776 1560 dederunt,
794 1511 1050 1564 artemque
1070 1501 1285 1548 fruendi.

73 1574 232 1639 Quid
250 1583 432 1620 voveat
444 1571 584 1620 dulci
601 1570 851 1618 nutricula
868 1571 1029 1633 majus
1051 1571 1281 1632 alumno,

72 1648 191 1711 Qui
215 1659 385 1708 sapere
404 1653 455 1690 et
472 1643 563 1690 fari
581 1643 737 1706 possit
756 1658 866 1705 quae
886 1641 1089 1701 sentiat,
1110 1652 1159 1688 et
1177 1642 1262 1689 cui

66 1716 284 1775 Gratia,
305 1714 456 1774 fama,
475 1714 709 1761 valetudo
728 1714 984 1777 contingat
1003 1710 1228 1773 abunde,

69 1793 141 1839 Et
165 1785 397 1835 mundus
416 1786 603 1845 victus,
623 1801 728 1831 non
746 1782 1003 1831 deficiente
1021 1782 1286 1831 crumena?
1322 1829 1329 1834 ,

71 1864 230 1910 Inter
240 1872 390 1920 -spem
409 1871 678 1919 curamque
689 1888 706 1916 ,
725 1856 929 1903 timores
947 1857 1078 1901 inter
1097 1865 1147 1901 et
1164 1855 1285 1914 iras,

71 1936 311 1982 Omnem
331 1928 472 1975 crede
492 1927 622 1976 diem
643 1925 734 1974 tibi
754 1926 989 1974 diluxisse
1009 1940 1298 1989 supremum
1310 1941 1327 1973 ε

73 2006 240 2053 Grata
260 2000 600 2063 superveniet,
619 2015 730 2061 quae
749 2014 855 2046 non
873 1994 1178 2062 sperabitur,
1197 1996 1338 2046 hora.

72 2077 170 2122 Me
191 2071 435 2135 pinguem
456 2080 506 2116 et
523 2069 740 2134 nitidum
760 2068 887 2116 bene
907 2066 1074 2116 curata
1092 2067 1377 2129 cutessviseffi
1418 2063 1425 2080 ²

74 2146 272 2207 Quum
289 2140 448 2188 ridere
463 2140 625 2201 voles,
643 2140 846 2206 Epicuri
865 2140 927 2187 de
948 2155 1091 2204 grege
1107 2153 1337 2203 porcum.

148 2280 184 2327 7
218 2265 328 2309 Non
343 2262 491 2309 durat.
815 2295 825 2306 .
913 2276 945 2322 9
980 2262 1052 2308 An
1069 2261 1223 2310 dicam
1238 2269 1285 2310 te
1301 2259 1529 2320 sex-ibera

149 2333 188 2380 8
236 2333 423 2378 Sincere
448 2329 596 2389 judex
624 2332 776 2379 satira·
842 2329 959 2375 etz?
992 2390 999 2397 .
1077 2363 1084 2370 J

74 2416 194 2450 mm
212 2407 489 2447 nostrarum.

1264 2791 1326 2837 19
1495 2767 1552 2808 Ρ*
