1747 2988
424 132 930 218 SATIRARUBJ
964 136 1109 184 Lus.
1145 137 1223 185 11.
1446 140 1540 189 181

85 225 285 274 Astuta
301 222 580 288 ingenuum
599 225 778 289 vulpes
796 225 989 273 imitata
1007 225 1238 274 leonem?

85 297 170 344 Ne
193 296 313 360 quis
330 294 562 342 humasse
579 295 701 343 velit
720 295 924 358 Ajacem
935 329 950 355 ,
967 297 1172 356 Atrida,
1189 305 1325 345 vetas
1342 299 1546 345 cur?-

89 369 214 414 Rex
233 382 366 413 sum.
381 393 452 401 —-—
467 367 551 414 Nil
570 365 701 413 ultra
723 383 894 430 quaero
914 367 1154 430 plebeius.
1168 369 1314 415 -Et
1328 384 1523 432 aequam

87 441 230 486 Rem
249 438 511 501 imperito:
530 449 606 497 at,
624 438 665 484 si
683 438 765 485 cui
784 437 961 485 videor
977 454 1086 486 nou
1102 437 1293 501 justus,
1310 440 1477 488 inulto

88 509 280 556 Dicere
299 507 440 571 quod
459 509 610 555 scutit
627 510 883 572 permitto.
901 536 972 545 ——
993 508 1214 557 Maxime
1232 526 1431 574 regum,

89 581 161 627 Di
185 579 282 626 tibi
303 579 422 626 dent
442 577 582 642 capta
601 579 803 627 classem
822 578 1058 627 reducere
1076 580 1249 642 Troja'
1292 620 1297 623 Α
1330 610 1333 617 -

89 654 232 715 Ergo
250 650 566 715 consulere,
556 661 614 698 et
626 667 746 698 mox
764 650 1066 714 respondere
1083 651 1283 699 licebit?
1301 679 1372 688 ——
1532 686 1537 697 .

83 721 343 770 Consule.
363 748 436 757 --
455 723 556 769 Cur
573 721 730 784 Ajax,
747 721 899 771 heros
916 721 978 768 ab
996 722 1194 769 Achille
1212 722 1486 785 secundus,

90 793 390 851 Putrescit,
401 792 550 839 toties
569 793 773 840 servatis
794 793 957 840 clarus
975 792 1213 840 Achivis?

92 862 333 911 Gaudeat
353 872 411 910 ut
429 864 655 928 populus
672 865 854 911 Priami
872 865 1201 928 Priamusque
1214 863 1512 928 inhumato,

91 939 199 984 Per
219 949 369 998 quem
391 944 468 981 tot
488 933 698 996 juvenes
716 935 880 999 patrio
899 950 1102 982 caruere
1120 936 1381 1000 sepulcro?
1402 963 1473 973 —-

95 1006 250 1052 Mille
270 1006 445 1053 ovium
463 1007 667 1053 insanus
685 1006 838 1054 morti
855 1005 1019 1067 dedit,
1037 1007 1282 1071 inclytum
1301 1007 1509 1072 Ulyxen‘

85 1079 160 1126 Et
181 1074 473 1123 Menelaum
491 1075 592 1123 111111
611 1091 808 1123 mecum
829 1093 883 1124 se
899 1077 1123 1129 occidere
1140 1079 1370 1126 clamans.
1389 1104 1461 1115 --

89 1153 183 1198 -Tu
206 1163 366 1212 quum
390 1163 485 1212 pro
503 1144 661 1195 vitula
681 1148 856 1201 statuis
876 1148 1072 1199 dulcem
1091 1149 1274 1197 Aulide
1292 1161 1457 1198 natam

96 1224 242 1269 Ante
260 1234 392 1278 aras,
410 1219 698 1282 spargisque
720 1220 852 1267 mola
869 1230 1050 1282 caput,
1066 1219 1322 1282 improbe,
1340 1220 1489 1280 salsa,

95 1296 323 1340 Rectum
337 1291 491 1337 animi
506 1291 700 1336 servas?
717 1317 788 1327 -
808 1289 1070 1349 Quorsum
1080 1291 1103 1337 f·
1121 1317 1191 1326 —
1204 1293 1413 1338 Insanus
1426 1289 1549 1355 quid

285 1361 419 1407 euim
438 1360 570 1422 Ajax

97 1433 270 1491 Fecit,
289 1447 448 1497 quum
466 1431 641 1479 stravit
661 1430 793 1480 ferro
811 1431 998 1498 pecus?
1017 1430 1259 1480 abstinuit
1275 1432 1379 1481 vim

99 1509 281 1554 Uxore
298 1514 349 1552 et
365 1515 542 1568 gnato,
565 1490 691 1551 mala
710 1504 872 1551 multa
880 1515 1119 1570 precatus
1136 1504 1344 1553 Atridis.

98 1578 227 1626 Non
246 1574 330 1622 ille
346 1587 434 1622 aut
452 1576 703 1622 'leucmm
721 1585 809 1622 aut
825 1576 996 1638 ipsum
1015 1574 1222 1622 violavit
1240 1576 1453 1639 Ulyxen.
1468 1604 1542 1614 ——-

97 1645 301 1696 Verum
321 1661 440 1710 ego,
462 1657 517 1693 ut
537 1645 781 1693 haereutes
800 1645 1008 1692 adverso
1027 1645 1197 1692 littore
1214 1662 1365 1693 naves

97 1719 389 1781 Eriperem,
407 1716 631 1780 prudeus
648 1718 839 1781 placavi
858 1716 1100 1780 sanguine
1118 1718 1290 1765 Divos.
1308 1744 1381 1754 —

97 1792 304 1851 Nempe
324 1799 442 1848 tuo,
461 1787 665 1835 furiose.
684 1813 755 1824 --
773 1790 893 1836 Meo
902 1786 1025 1848 ,sed
1042 1803 1150 1835 uon
1169 1788 1381 1839 furiosus
1395 1824 1405 1836 .
1424 1814 1496 1826 --

100 1860 214 1922 Qui
234 1860 421 1921 species
438 1859 552 1907 alias
570 1860 700 1906 veris
720 1859 1017 1922 scelerisque
1035 1859 1264 1907 tumultu

96 1931 384 1980 Permixtas
402 1931 561 1993 capiet
571 1962 588 1989 ,
599 1925 620 1954 ⁸
630 1941 918 1978 commotus
936 1929 1227 1988 habebitur3
1245 1941 1396 1995 atque
1404 1964 1423 1994 ‚

99 2000 399 2057 stultitiane
418 2012 572 2061 erret,
589 2002 809 2050 nihilum
830 2002 1059 2060 distabit,
1078 2018 1141 2049 an
1160 2003 1247 2049 iri.

99 2074 267 2136 Ajax,
288 2088 449 2135 quum
466 2073 745 2120 immeritos
764 2073 974 2133 occidit,
995 2072 1198 2135 desipit,
1218 2075 1403 2136 agnos?

99 2148 288 2207 Quum
309 2142 531 2207 prudens
550 2144 709 2191 scelus
729 2143 794 2190 ob
813 2145 992 2191 titulos
1014 2143 1265 2189 admittis'
1250 2160 1449 2202 manes,

83 2221 218 2274 ,Stas
237 2215 438 2262 animo?
458 2219 510 2261 et
525 2231 713 2277 purum
732 2226 807 2262 est
825 2215 950 2262 vitio
972 2213 1089 2275 tibi,
1108 2228 1268 2278 quum
1286 2214 1538 2263 tumidum

289 2296 362 2332 est
372 2318 389 2344 ,
406 2302 512 2333 cor.
503 2286 524 2316 ”

96 2359 154 2407 Si
175 2357 296 2421 quis
315 2356 486 2403 lectica
504 2354 709 2403 nitidam
733 2367 919 2418 gestare
938 2366 1068 2402 amet
1086 2371 1288 2419 agnam,

96 2429 240 2478 Huic
260 2438 476 2488 vestem,
496 2438 553 2474 ut
567 2435 751 2490 gnatae,
770 2437 936 2489 paret,
954 2425 1150 2473 ancillas
1165 2437 1330 2490 paret,
1347 2444 1524 2476 aurum
1535 2461 1552 2490 ,

96 2499 297 2552 Rufam
317 2509 404 2545 aut
422 2497 662 2546 Rufillam
681 2498 921 2561 appellet,
937 2497 1157 2563 fortique
1175 2497 1355 2564 marito

169 2624 206 2670 8
234 2623 454 2669 Furiosus
467 2615 716 2669 habendus
736 2630 814 2669 est.
882 2681 892 2688 *-
1148 2649 1185 2658 1.,

113 2699 130 2760 !
1173 2744 1185 2756 .
1284 2706 1345 2753 16

213 2853 255 2888 x
405 2829 419 2856 X
