1747 2988
529 130 684 180 ARs
720 117 1144 180 1011111113Δ

1430 146 1538 193 279·

74 220 173 269 Sic
193 217 580 268 etiam¹⁶fldibus
604 236 748 268 voces
767 236 962 267 crevere
981 220 1186 278 severis,
1223 218 1228 221 ’

71 293 151 340 :Et
172 292 291 338 tulit
309 291 562 356 eloquium
580 292 839 352 insolitum
859 288 1088 338 facundia
1106 305 1349 354 praeceps;
1403 306 1404 311 ¹

79 362 430 426 ‘Utiliumque‘
443 363 610 426 'sagax
628 378 794 409 rerum
814 372 864 409 et
881 361 1049 408 divina
1065 357 1226 407 futuri

82 432 349 497 Sortilegis
368 449 474 480 uon
493 433 760 497 discrepuit
780 433 1026 481 sententia
1038 431 1265 494 Delphis.

90 503 329 552 Carmine
348 504 437 569 qui
456 504 639 569 tragico
658 504 806 551 vilem
824 504 1031 550 certavit
1048 503 1113 550 ob
1131 502 1329 598 11110311111
1500 548 1504 557 ,

84 575 227 622 Mox
247 576 393 621 etiam
412 585 623 639 agrestes
646 574 866 639 Satyros¹
880 575 1135 632 ²uudavst,
1156 573 1224 620 et¹
1237 569 1400 636 ³asper
1479 623 1485 629 ,

82 645 343 700 Incolumi
361 646 595 708 gravitate
613 644 785 707 jocum
804 645 1037 703 tentavit5
1057 645 1116 691 eo
1136 643 1278 707 quod

78 715 340 764 Illeoehris
360 727 462 763 erat
480 726 531 763 et
548 716 682 780 grata
701 716 923 764 novitate
944 714 1213 763 morandus

82 787 703 850 Spectator-‚functusque
721 787 866 834 saeris
877 818 894 845 ‚
911 797 961 834 et
976 797 1156 850 potus,
1178 795 1228 832 et
1246 784 1404 832 exlex.

79 855 320 903 Verum
306 868 374 904 lta
392 858 595 916 risores,
614 859 684 905 ita
703 857 1051 905 commendare
1071 857 1255 903 dicaces

83 927 374 976 Conveniet
393 929 592 991 Satyros
603 960 620 987 ‚
639 929 708 974 ita
724 932 916 975 vertere
934 928 1057 975 seria
1074 927 1223 986 ludo,

83 997 174 1045 Ne
192 998 499 1062 quicumque
520 998 641 1046 deus
654 1032 671 1060 .,
689 999 994 1062 quicumque
1013 997 1331 1045 adhibebitur
1347 996 1494 1046 heros
1505 1027 1522 1056 ‚

83 1069 269 1132 Regali
287 1079 582 1133 conspectus
599 1070 652 1116 iu
673 1085 794 1117 auro
812 1085 977 1133 nuper
997 1080 1048 1116 et
1065 1065 1228 1127 ostro,

82 1138 383 1203 Migret¹⁴in
402 1139 634 1189 obscuras
652 1141 832 1188 humili
851 1155 1081 1187 sermone
1100 1139 1348 1186 tabernas·
1335 1175 1349 1196 ,

83 1206 406 1269 Aut‚¹⁵dum
425 1211 548 1257 vitat
567 1211 810 1268 humum,
828 1209 990 1256 nubes
1009 1220 1058 1256 et
1076 1210 1238 1257 inania
1256 1219 1464 1272 captet-¹

85 1278 326 1327 Effutire¹
337 1275 491 1327 ‘leves
509 1280 711 1343 indigua
729 1279 982 1343 'Ragoedia
999 1295 1170 1328 versus
1182 1315 1198 1340 ‚

85 1353 168 1398 Ut
185 1350 324 1397 festis
342 1350 586 1398 matrona¹
600 1345 845 1398 ⁷moveri
829 1365 964 1412 jussa
982 1349 1185 1410 diebus,

82 1422 329 1468 Intererit
344 1421 529 1485 Satyris
548 1419 755 1485 paulum
774 1420 1070 1485 pudibunda
1086 1422 1349 1484 protervis.

85 1491 142 1541 N
146 1508 216 1541 on
235 1508 328 1557 ego
348 1493 577 1540 inornata
596 1487 1004 1541 et¹⁸dominantia
1021 1493 1224 1542 nomina
1243 1489 1407 1541 solum

170 1609 232 1662 1ο
265 1616 460 1662 Citharis
490 1627 780 1664 accesserunt

90 1692 146 1731 et
163 1683 453 1743 multiplieati
470 1694 577 1729 sunt
587 1684 717 1730 modi
735 1694 782 1731 et

91 1750 228 1805 soni,
245 1748 295 1794 id
313 1759 380 1794 est
396 1750 596 1796 chordae.

171 1831 188 1861 1
205 1832 225 1861 1
265 1816 324 1859 Et
353 1818 575 1878 sententia
588 1850 601 1871 ,
636 1818 686 1864 id
713 1826 782 1862 est

94 1882 305 1944 prudens
321 1882 467 1929 oratio
480 1881 781 1943 personarum

94 1948 180 2013 (ex
195 1948 363 2008 quihus
378 1950 547 1995 chorus
559 1948 781 2013 constitit)

94 2029 266 2076 parum
276 2014 339 2059 ab
352 2015 576 2075 Apolline
590 2017 780 2063 oraculo

95 2081 276 2127 distitit.

173 2161 232 2192 12
259 2148 442 2205 Satyros
463 2146 615 2193 nudos
636 2150 780 2194 iutro-

94 2214 233 2259 duxit
244 2213 396 2259 verbis
407 2222 453 2260 et
466 2205 783 2263 motibusobs—

94 2281 224 2326 cenis
243 2281 386 2326 risum
403 2289 652 2326 moventes.

171 2361 189 2390 1
203 2345 231 2390 3
260 2347 415 2391 Primo
443 2354 575 2406 asp'er
600 2347 650 2391 in
668 2348 778 2391 Tra-

36 2423 41 2426 *
93 2410 244 2474 goedia
255 2443 269 2466 ‚
287 2427 398 2458 mox
410 2414 698 2472 asperitatem
710 2411 777 2457 fa·

96 2479 226 2524 cetiis
244 2478 472 2534 condivit,
490 2478 611 2524 salva
630 2480 778 2540 gravi—

97 2552 190 2592 tate
209 2544 474 2605 Tragoediae.

180 2613 237 2662 14
271 2612 340 2655 Ne
375 2620 528 2657 utatur
563 2627 786 2672 sermone

93 2677 259 2723 humili
294 2686 340 2728 et
378 2678 560 2737 abjecto
573 2712 587 2735 ,
625 2679 777 2740 qualis

91 2753 162 2791 est
181 2742 545 2792 tabernariorum
570 2755 617 2793 et
637 2745 771 2810 opifi-

846 1633 954 1664 cum
975 1619 1140 1664 oratio.

920 1701 938 1731 1
951 1686 977 1732 5
996 1687 1119 1730 Dum
1139 1685 1365 1731 comicum
1380 1682 1528 1729 humi-

844 1750 1020 1797 litatem
1047 1750 1345 1806 reformidat,
1370 1766 1428 1794 ne
1455 1750 1528 1793 in-

846 1826 1100 1872 tumescat,
1138 1827 1322 1895 captans
1363 1831 1527 1878 magna

847 1899 985 1943 supra
1003 1886 1119 1929 vires
1130 1918 1144 1941 ‚
1166 1877 1306 1944 quasi
1314 1885 1431 1948 int'er
1447 1898 1530 1927 nu-

847 1949 930 1995 bes
949 1959 995 1996 et
1012 1950 1174 1996 coelum
1193 1966 1388 1995 versans.

919 2032 937 2062 1
947 2017 978 2063 6
993 2017 1151 2077 inepte
1165 2017 1311 2076 loqui.
1338 1999 1467 2061 Ordo
1483 2013 1530 2059 eti

847 2086 1068 2128 sententia
1078 2084 1324 2130 verborum
1337 2083 1434 2127 haee
1446 2090 1527 2125 est.

846 2150 1109 2209 Tragoedia‚
1129 2165 1231 2209 quze
1251 2149 1439 2209 indigua
1458 2156 1528 2191 est

845 2215 895 2258 111
914 2214 1004 2275 qua
1018 2229 1172 2259 versus
1186 2215 1307 2260 leves
1322 2216 1530 2260 emittan-

844 2279 941 2335 tur,
968 2282 1197 2336 intererit,
1220 2281 1269 2325 id
1288 2291 1356 2327 est
1371 2295 1523 2326 versa-

842 2346 970 2392 bitur
988 2349 1106 2392 inter
1120 2357 1293 2405 satyros
1306 2348 1429 2392 velut
1437 2362 1525 2409 pu·-

844 2413 949 2458 dica
970 2413 1166 2469 femina,
1186 2429 1289 2473 quae
1314 2429 1411 2459 nou
1430 2413 1527 2467 >nisi.

843 2489 1005 2527 coacta
1021 2480 1147 2533 festis
1163 2480 1325 2531 diebus
1340 2477 1524 2525 modice

842 2546 989 2591 saltat.

915 2629 933 2659 1
944 2629 971 2673 7
992 2613 1181 2660 Saltare.

858 2717 865 2723 .
913 2680 971 2725 18
985 2682 1180 2725 Nomma
1194 2683 1405 2742 propria,
1420 2695 1523 2750 quae

837 2747 889 2790 111
919 2751 1008 2793 'suo
1040 2762 1175 2794 sensu
1208 2747 1523 2804 dominantur,
