1747 2988
321 119 665 169 CARMEN
703 120 1188 196 sAEctJLAP-E.
1374 127 1470 189 129
1515 122 1521 127 ·

208 205 304 267 Di,
322 209 563 255 senectuti
583 209 785 271 placidae
803 211 1020 274 quietem
1031 242 1048 269 ‚

207 279 443 330 Romulae
462 271 597 341 gerni
617 279 727 330 date
747 296 949 344 remque
968 282 1258 345 prolemque

598 351 660 412 Et
678 350 827 405 decus
847 367 1013 399 omne.

209 420 440 482 Quaeque
459 435 548 479 vos
564 419 729 468 bobus
750 432 1012 469 veneratur
1033 422 1156 470 albis
1192 449 1193 456 κ

207 490 383 539 Clarus
401 490 629 538 Anchisae
648 492 952 573 Venerisque
971 493 1192 557 sanguis,
1245 539 1249 545 ,
1325 502 1328 505 ’

207 563 479 684 Impetret‚
499 559 713 616 bellante
729 564 895 626 prior,
916 562 1155 624 jacentem
1201 600 1207 606 .

596 633 772 680 Leuis
758 650 813 680 m
829 633 1045 680 hostem.

206 702 241 747 J
243 717 321 747 am
342 700 465 747 mari
487 701 709 767 terraque
731 719 906 751 manus
924 714 1154 767 potentes

208 771 391 820 Medus
408 771 721 836 Albanasque
743 775 885 821 timet
903 790 1121 822 secures.

207 844 324 889 Jam
344 843 539 908 Scythae
557 860 790 907 respousa
806 854 1015 908 petunt,
1034 843 1232 909 superbi

598 916 773 978 Nuper
783 946 800 974 ‚
818 926 867 961 et
887 914 1016 961 Indi.

207 986 241 1030 J
242 1000 322 1030 am
342 982 483 1031 Fides
494 1016 510 1043 ‚
530 994 581 1031 et
596 986 723 1044 Pax,
742 995 790 1032 et
808 987 1010 1044 Honor,
1028 984 1293 1049 Pudorque

154 1110 158 1114 .
208 1055 432 1114 Priscus,
451 1065 499 1102 et
517 1057 734 1119 neglecta
752 1056 910 1103 redire
930 1057 1102 1105 Virtus

210 1124 405 1183 Audet3
427 1137 726 1190 apparetque
744 1127 885 1175 beata
902 1125 1052 1192 pleno

317 1215 320 1222 ³
489 1219 494 1222 ’
598 1197 751 1261 Copia
768 1215 944 1245 cornu.

212 1268 392 1330 Augur
409 1277 459 1312 et
478 1265 698 1329 fulgente
720 1268 929 1315 decorus
946 1283 1065 1315 areu
1216 1315 1219 1318 ,

210 1335 456 1396 Phoebus,
473 1348 797 1402 acceptusque
815 1347 1000 1385 novem
1019 1336 1286 1415 cammah,

215 1407 320 1469 Qui
338 1408 539 1455 salutari
558 1408 690 1456 levat
706 1420 807 1463 arte
829 1408 983 1456 fessos

561 1480 832 1543 Corporis
852 1490 1013 1539 artus,

210 1548 261 1598 Si
282 1550 521 1598 Palatinas
540 1550 677 1597 videt
698 1565 870 1612 aequus
889 1565 1017 1606 aras3

212 1621 438 1684 Remque
459 1623 734 1668 Romanam
752 1619 1049 1681 Latiumque
1061 1613 1079 1642 ³
1094 1616 1213 1666 felix

213 1691 475 1740 Alterum
458 1708 515 1739 m
532 1693 748 1740 lustrum
769 1690 1044 1757 meliusque
1064 1705 1259 1754 semper

598 1763 837 1826 Proroget
856 1776 1033 1810 aevum.

215 1831 440 1900 Quaeque
457 1832 766 1881 Aventinum
787 1843 921 1879 tenet
939 1830 1302 1894 Algidumque,

216 1901 514 1963 Quindecim
535 1903 691 1953 Diana
708 1918 877 1966 preces
896 1903 1121 1951 virorum

218 1973 396 2032 Curet,
419 1983 469 2020 et
485 1973 617 2021 votis
635 1989 907 2037 puerorum
926 1973 1104 2025 amicas
1172 2018 1195 2040 ι.

599 2045 830 2126 Applieet
847 2061 1004 2098 aures.

215 2109 360 2161 Haec⁴
375 2115 555 2163 Jovem
576 2116 754 2163 sentire
771 2117 1003 2179 Deosque
1021 2125 1229 2167 cunctat

214 2185 361 2248 Spem
383 2183 567 2233 bonam
584 2197 868 2250 certamque
888 2186 1095 2238 domum
1115 2193 1342 2248 repertos

213 2255 407 2304 Doctus
426 2266 477 2303 et
492 2256 668 2304 Phoebi
685 2257 869 2315 chorus
889 2267 938 2305 et
957 2257 1126 2307 Diana

599 2328 771 2377 Dicere
789 2327 976 2378 laudes.

114 2445 142 2491 3
168 2448 412 2509 Propitius.
790 2458 961 2497 certam
972 2448 1161 2497 domum
1172 2454 1386 2508 reporto,
1395 2448 1469 2492 Jo-

110 2514 142 2576 4
170 2513 297 2560 Ordo
320 2531 368 2560 es
370 2526 410 2561 t:
433 2517 530 2577 Ego
554 2516 723 2563 chorus
788 2531 896 2562 vem
905 2526 1117 2564 etomnes
1127 2514 1250 2561 Deos
1261 2513 1358 2557 haec
1372 2526 1470 2558 sen-

57 2572 205 2631 doctus
220 2581 378 2628 dicere
392 2582 550 2628 laudes
565 2583 724 2630 Phoebi
787 2583 891 2628 tire.

55 2651 94 2686 et
114 2644 297 2704 Πίαιιω,
322 2664 454 2710 spem
480 2648 652 2723 bonam
680 2658 729 2695 et
