1747 2988
315 93 381 156 Q.
417 89 782 142 HORATII
817 90 1151 154 FLACCI,
1189 105 1284 142 etc.
1421 111 1524 158 209

107 177 430 246 e⁴populum
450 180 670 230 extremi
690 182 837 229 toties
858 193 1032 229 exoret
1050 183 1212 231 arena.

51 306 62 317 1
126 263 149 299 t
171 252 311 300 mihi
330 263 589 317 purgatam
610 252 785 301 crebro
804 254 892 317 qui
913 250 1369 316 personet⁵aurem:

51 306 218 385 U‘olve
235 334 579 372 senescentem
600 324 791 370 mature
809 339 959 371 sanus
978 340 1194 387 equum,
1210 340 1276 373 ne
1322 364 1329 371 ,

61 396 247 442 Peccet
268 393 334 441 ad
353 406 634 442 extremum
654 393 920 454 ridendus,
940 405 990 442 ct
1006 395 1090 441 ilia
1107 394 1274 443 ducat.
1350 448 1357 451 ,

65 465 225 514 Nunc
244 467 419 529 itaque
438 477 488 513 ct
506 482 681 513 versus
700 477 750 513 et
768 476 928 513 cetera
946 465 1137 514 ludicra
1154 481 1319 530 pono:

69 536 215 600 Quid
236 553 420 584 verum
441 548 591 599 atque
611 534 790 585 decens
809 554 933 585 curo
953 547 1002 584 et
1021 553 1173 603 rogo,
1193 548 1245 584 et
1262 539 1427 587 omnis
1444 540 1498 588 in

255 607 358 655 hoc
376 612 514 655 sumt
1306 660 1311 667 ,

70 676 262 727 Condo
280 689 330 724 et
353 694 607 743 compono
627 695 738 742 quae
757 696 879 744 mox
899 679 1190 744 depromere
1208 678 1412 743 possim.

42 788 51 823 ,
70 751 178 809 Ac,
195 765 264 796 ne
286 747 415 796 forte
434 745 708 814 roges⁶quo
730 767 807 799 me
826 751 981 811 duce,
999 766 1103 814 quo
1120 750 1220 797 lare
1238 760 1398 797 tuter:

73 821 285 868 Nullius
305 819 534 868 addictus
548 819 716 883 jurare
732 822 788 869 iu
809 822 960 869 verba
980 822 1226 885 magistri,

76 890 205 951 Quo
227 907 307 937 me
327 907 545 956 cumque
565 893 695 956 rapit
715 903 1007 956 tempestas,
1026 891 1221 940 deferor
1238 891 1437 956 hospes.

75 958 399 1026 Nunc⁷agilis
417 961 514 1022 fio,
532 973 581 1010 et
600 979 791 1011 mersor
808 963 1038 1011 civilibus
1058 962 1255 1023 undis„

75 1028 458 1080 Virtutis⁸verae
478 1031 673 1094 custos,
694 1034 983 1099 rigidusque
1002 1034 1214 1082 satelles:

77 1103 240 1151 Nunc
256 1099 589 1168 in⁹Axistippi
605 1104 784 1154 furtim
801 1117 1045 1169 praecepta
1065 1105 1283 1165 relabor,

80 1175 142 1222 Et
165 1174 297 1221 mihi
314 1191 417 1235 res,
433 1191 543 1222 non
560 1193 639 1223 me
657 1176 807 1224 rebus
826 1176 1120 1224 submittere
1139 1192 1312 1224 conor.

79 1247 156 1293 Ut
176 1261 284 1293 nox
299 1244 447 1309 longa
467 1246 651 1309 quibus
670 1247 836 1294 somni
853 1263 966 1317 pars
984 1246 1147 1306 nulla,
1168 1245 1373 1308 diesque

79 1318 261 1381 Longa
280 1316 478 1364 videtur
496 1333 626 1381 opus
645 1316 971 1375 debentibns3
991 1327 1049 1364 ut
1067 1317 1206 1380 piger
1224 1332 1385 1364 annus

83 1386 301 1450 Pupillis
320 1403 448 1451 quos
470 1386 592 1435 dura
613 1388 796 1452 premit
813 1387 1043 1436 custodia
1061 1398 1302 1435 matrum:

84 1459 172 1508 Sic
192 1457 318 1506 mihi
339 1458 472 1506 tarda
493 1457 663 1508 fluunt
679 1461 970 1524 ingrataque
984 1469 1213 1522 tempora
1233 1473 1343 1523 quae
1361 1475 1502 1524 spem

84 1529 472 1594 Consiliumque
492 1532 753 1578 morantur
770 1529 948 1594 agendi
968 1530 1192 1596 gnavith
1208 1530 1261 1576 id
1280 1532 1422 1592 quod

81 1601 270 1663 Aeque
285 1601 591 1665 pauperibus
608 1600 813 1665 prodest
823 1634 839 1661 ,
858 1599 1194 1666 locupletibus
1213 1601 1352 1664 aeque
1363 1633 1380 1661 ,

82 1672 268 1734 Aeque
286 1671 566 1735 neglectum
585 1672 754 1736 pueris
772 1671 1078 1734 senibusque
1097 1670 1313 1718 nocebit.

84 1746 269 1791 Restat
285 1753 346 1796 ut
358 1742 441 1800 bis
461 1759 553 1807 ego
577 1760 657 1792 me
672 1745 780 1807 ips'e
799 1759 965 1807 regam
984 1741 1214 1804 solerque
1232 1742 1487 1793 elementis
1499 1761 1514 1791 :

85 1814 216 1862 Non
233 1813 395 1880 possis
413 1813 560 1862 oculo
579 1811 828 1877 quantum
846 1812 1149 1861 contendere
1166 1815 1419 1877 Lynceus,

87 1886 216 1934 Non
236 1894 403 1932 tamen
419 1884 606 1932 idcirco
624 1896 915 1935 contemnas
930 1883 1101 1950 lippus
1121 1884 1323 1949 inungi3

88 1955 230 2015 Nec,
249 1955 367 2018 quia
386 1955 612 2020 desperes
627 1956 802 2004 invicti
822 1955 1043 2003 membra
1063 1956 1326 2020 Glyconis,

89 2024 302 2075 Nodos&
321 2042 507 2091 corpus
525 2023 654 2075 nolis
671 2026 941 2092 prohibere
959 2027 1207 2091 cheragrai.

165 2145 200 2193 4
217 2117 444 2210 Nfflari
458 2157 543 2188 suo
557 2143 703 2189 victus
713 2176 727 2196 ‚
742 2131 788 2188 et
917 2157 947 2200 7
960 2142 1195 2187 Praeticus
1206 2140 1455 2201 aliquando
1466 2142 1544 2199 fio,

92 2209 289 2270 jamjam
303 2209 567 2262 enecandus
576 2242 590 2263 ,
604 2224 629 2254 a
643 2224 793 2269 popu·
857 2181 913 2254 ub
928 2208 1271 2267 Peripateticus.

98 2277 151 2320 lo
175 2276 233 2320 in
255 2273 437 2320 theatro
464 2274 654 2320 sedente
684 2289 794 2336 sup-
926 2274 958 2319 8
977 2273 1240 2333 Aliquando
1258 2272 1321 2317 fio
1340 2274 1546 2333 stoicus,
1608 2313 1653 2320 ,-

100 2342 216 2404 plex
233 2340 428 2387 salutem
445 2350 586 2403 petat.
825 2399 828 2408 Ἰ
859 2354 1093 2385 summum
1114 2338 1293 2384 bonum
1311 2341 1362 2386 in
1380 2343 1549 2390 virtute

176 2410 204 2455 5
238 2407 334 2465 Qui
363 2417 498 2454 sonet
521 2423 608 2468 per
636 2420 795 2453 aurem
858 2420 1056 2469 ponens.

101 2474 310 2521 docilem
329 2482 375 2519 et
390 2484 627 2522 attentam.
930 2487 964 2533 9
986 2473 1025 2517 A
1053 2472 1262 2530 Cyreneo
1289 2471 1551 2536 Aristippo,

169 2541 203 2588 6
218 2542 327 2598 Quo
342 2540 625 2601 philosopho
641 2546 798 2585 aucto-
863 2540 947 2600 qui
966 2554 1103 2584 omne
1121 2538 1300 2584 bonum
1316 2540 1367 2583 in
1386 2542 1550 2601 volup·

101 2622 180 2662 re,
210 2600 258 2653 e't
279 2606 375 2667 qui⁴
395 2605 569 2651 famili&
589 2603 797 2667 philoso-
865 2614 958 2651 tate
976 2607 1155 2665 posuit,
1184 2605 1434 2661 cyrenaica
1457 2622 1552 2653 ma-

105 2673 252 2735 phica
269 2687 344 2721 me
361 2681 514 2719 tutum
530 2682 759 2733 praestem.
864 2673 992 2717 navit
1011 2670 1288 2782 disciplina.¹
1299 2736 1326 2782 8
