1747 2988
215 73 309 119 104
525 62 588 122 Q.
625 60 988 109 Hor-Aru
1025 60 1325 111 FLAcm

218 154 232 177 '
416 150 698 208 Commisit,
719 147 1056 211 immanesque
1076 149 1280 197 Rhaetos

491 221 740 283 Auspiciis
759 220 955 283 pepulit
975 219 1227 270 secundis:

349 292 653 355 Spectandus
668 291 704 351 ¹,
723 292 779 337 in
796 290 1060 337 certamine
1078 292 1283 351 Martio,

319 353 327 359 ”
349 366 540 411 Devota
555 364 710 410 morti
729 374 929 426 pectora
946 362 1111 409 liberae

420 435 633 496 Quantis
652 434 873 498 fatigaret
891 433 1074 493 ruinis,

487 505 759 553 Indomitas
777 504 936 569 prope
956 505 1114 567 qualis
1133 489 1292 556 undas

347 580 552 626 Exercet
572 578 782 636 Auster,
799 575 1053 623 Pleiadum
1078 575 1234 624 choro

349 649 612 697 Scindente
631 647 847 706 nubcs‚'
832 646 1040 709 impiger
1058 645 1284 693 hostium

418 721 610 767 Vexare
629 730 843 777 turmas,
862 725 912 763 et
930 715 1221 765 frementem

490 791 690 837 Mittere
708 804 897 852 equum
916 788 1105 835 medios
1122 804 1212 851 per
1234 788 1390 853 ignes.
1445 831 1449 839 .

353 862 431 908 Sic
449 860 753 908 tauriformis
773 860 998 907 volvitur
1016 857 1234 906 Aufidus
1246 891 1262 918 .,

354 932 457 993 Qui
476 947 621 994 regna
641 932 808 977 Dauni
825 929 1043 993 praefluit
1060 929 1277 992 Appuli‚

423 1002 598 1062 Quum
615 1001 780 1060 saevit,
799 999 1200 1064 horrendamque
1219 1002 1370 1049 cultis

491 1071 745 1119 Diluviem
764 1070 1032 1117 meditatur
1050 1072 1199 1135 agris;

351 1144 422 1189 Ut
433 1131 763 1189 barbarorum
785 1141 1024 1190 Claudius
1044 1144 1234 1205 agmina

328 1275 330 1277 q
353 1218 545 1261 Ferrata
562 1224 703 1260 vasto
722 1212 909 1261 diruit
895 1224 1086 1276 impetu
1097 1246 1114 1273 .‚

421 1273 714 1346 Primusque
733 1296 783 1331 et
801 1294 1050 1331 extremos
1070 1283 1302 1331 metendo
1313 1316 1330 1344 .,

494 1355 678 1402 Stravit
698 1354 945 1413 humum,
967 1355 1071 1401 sine
1091 1355 1226 1402 clade
1245 1356 1438 1416 vietor,

348 1429 425 1477 Te
447 1426 612 1490 copias
626 1458 643 1486 ‚
664 1436 711 1472 te
730 1425 994 1475 consilium
1006 1458 1023 1486 .,
1040 1425 1090 1474 et
1110 1437 1224 1474 tuos
1378 1485 1381 1490 Ι

352 1498 604 1547 Praebente
623 1498 793 1549 divos·
814 1515 930 1546 nam
944 1531 962 1560 ‚
981 1498 1075 1546 tibi
1093 1515 1195 1565 quo
1217 1498 1297 1546 die

422 1573 604 1617 Portus
617 1569 934 1618 Alexandrea
952 1570 1166 1633 supplex
1245 1616 1251 1621 ,

492 1641 554 1686 Et
572 1656 776 1687 vacuam
794 1637 1025 1704 patefecit
1042 1640 1230 1699 aulam,

353 1713 571 1758 Fortuna
590 1710 752 1757 lustro
769 1727 1008 1774 prospera
1028 1712 1174 1758 tertio

345 1781 481 1829 Belli
499 1776 743 1828 secundos
761 1781 977 1830 reddidit
994 1783 1183 1841 exitus,

423 1851 742 1914 Laudemque
762 1864 812 1900 et
830 1863 1057 1915 optatum
1080 1852 1286 1916 peractis

496 1924 721 1985 Imperiis
746 1923 895 1969 decus
914 1924 1173 1987 arrogavit.

353 1995 423 2039 Te
442 1991 681 2040 Cantaber
698 2010 802 2050 non
823 1994 935 2041 ante
956 1993 1246 2053 domabilis,

356 2063 662 2126 Medusque,
680 2075 728 2113 et
745 2064 900 2112 Indus
911 2098 928 2125 .‚
947 2075 995 2111 te
1014 2064 1259 2130 profugus
1281 2065 1493 2129 Scythes

423 2136 663 2195 Miratur,
682 2152 713 2183 o
735 2137 888 2183 tutela
906 2151 1122 2199 praesens

493 2207 668 2267 Italiae,
687 2207 1000 2269 dominaeque
1021 2209 1221 2255 Romae:

355 2278 451 2343 Te,
470 2276 687 2324 fontium
705 2279 793 2340 qui
811 2279 936 2324 celat
956 2277 1170 2341 origines

353 2348 601 2410 Nilusque
615 2380 631 2407 .,
653 2340 701 2395 et
718 2351 840 2395 Ister
853 2381 870 2407 ‚
892 2359 940 2396 te
957 2347 1162 2413 rapidus
1181 2348 1368 2412 Tigris,

396 2430 402 2437 “
424 2419 494 2466 Te
510 2418 767 2465 belluosus
785 2419 876 2481 qui
896 2421 1101 2467 remotis
1356 2480 1367 2485 -

494 2489 751 2551 Obstrepit
769 2490 996 2553 Oceanus
1015 2489 1292 2548 Britannis,

284 2628 302 2657 1
336 2612 513 2675 Dignus
531 2616 615 2674 qui
631 2602 915 2675 spectaretur
933 2615 981 2659 in
998 2613 1151 2670 bello,
1175 2595 1356 2676 quantis
1374 2613 1539 2668 ruinis,
1561 2617 1632 2656 etc·

208 2736 330 2811 Ἷί
