1747 2988
355 92 853 175 εΑΤιιιΑιιιιΜ
891 125 1037 171 Lm.
1075 125 1149 171 11.
1212 164 1218 169 .
1375 138 1465 184 191

32 222 80 269 Et
101 233 461 284 quoscumque
481 215 606 262 feret
624 213 789 260 cultus
811 202 904 258 tibi
923 211 1111 259 fundus
1131 212 1377 270 honores,

33 294 156 338 Ante
169 287 189 314 ³
204 291 386 335 Larem
399 296 565 351 gustet
582 282 911 331 venerabilior
929 285 1048 328 Lare
1069 282 1231 328 dives.
1274 324 1320 334 Ἢ

32 364 127 424 Qui
146 359 381 424 quamvis
399 357 634 422 perjurus
654 355 773 413 erit,
791 354 897 400 sine
916 363 1086 417 gente,
1105 363 1365 399 cruentus

32 433 280 498 Sanguine
301 430 547 488 fraterno,
565 426 835 511 fugitivus3
856 441 919 471 ne
941 435 1105 471 tamen
1124 423 1194 470 illi

32 505 102 551 Tu
122 518 305 551 comes
308 498 584 559 ⁴exterior,
605 515 646 544 s1
663 496 946 561 postulet,
932 511 1002 542 ire
1021 510 1229 547 recuses.

523 608 558 639 ,
600 575 899 616 uansEs.

36 649 159 693 Utne
181 657 344 707 tegam
365 646 547 705 spurco
567 643 733 687 Damae
752 639 914 685 latus?
932 636 1102 685 haud
1088 648 1155 684 ita
1176 635 1337 696 Trojae

32 718 109 764 Me
133 712 290 781 gessi,
309 724 502 775 certans
520 727 713 774 semper
733 708 1039 757 melioribus.»

585 799 617 828 ϊ
632 799 651 828 1
667 798 699 827 ιι
713 797 741 827 ιι
756 799 781 828 s
797 798 814 827 1
829 795 863 828 Α
879 797 917 828 ε.

691 876 714 889 =·
1090 851 1218 914 Ergo

37 932 227 992 Pauper
245 927 358 973 eris.
371 962 382 971 ι.
1390 982 1407 1001 ⁴

589 1009 899 1041 ὐιῑεειι

390 1070 586 1113 Fortem
605 1066 703 1113 hoc
721 1066 945 1111 animum
966 1063 1170 1121 tolerare
1187 1062 1399 1124 jubebo:

42 1141 94 1187 Et
114 1137 372 1203 quondam
392 1136 577 1198 majora
597 1137 703 1184 tuli.
730 1139 811 1183 Tu
829 1148 1097 1200 protenus,
1119 1134 1249 1182 unde

40 1211 246 1257 Divitias
266 1209 475 1271 aerisque
494 1224 661 1267 ruam,
684 1208 787 1267 dic,
808 1223 995 1271 augur,
1013 1221 1229 1252 acervos.

591 1293 922 1325 τικῑειιε.

44 1353 154 1401 Dixi
174 1350 434 1414 equidem,
455 1360 505 1396 et
526 1349 653 1397 dico.
684 1349 863 1431 Captes
883 1356 1078 1394 astutus
1099 1345 1286 1409 ubique

44 1425 80 1470 ’1
83 1433 354 1470 estamenta
370 1437 570 1467 senum·
590 1437 717 1479 neu,
737 1421 779 1467 si
796 1419 932 1466 vafer
950 1434 1084 1467 unus
1101 1429 1151 1465 et
1169 1417 1288 1465 alter

42 1490 415 1542 Insidiatorem⁵
429 1509 645 1556 praeroso
666 1492 849 1556 fugerit
867 1491 1042 1548 hamo,

46 1567 146 1613 Aut
163 1582 304 1629 spem
326 1564 570 1627 deponas,
588 1574 676 1610 aut
692 1573 846 1609 artem
866 1562 1042 1607 illusus
1063 1560 1276 1607 omittas.

44 1639 222 1700 Magna
242 1637 471 1683 minorve
491 1635 603 1682 foro
622 1635 663 1680 si
682 1651 757 1682 res
777 1631 1047 1680 certabitur
1066 1630 1185 1676 olim
1197 1662 1212 1689 ,

43 1711 190 1755 Vivet
212 1718 322 1754 uter
338 1707 563 1769 locuples
582 1707 686 1753 sine
704 1706 863 1771 gnatis
875 1737 890 1761 ,
908 1701 1169 1766 improbus
1189 1701 1322 1747 ultro

47 1780 146 1841 Qui
167 1778 422 1825 meliorem
442 1777 605 1823 audax
623 1788 768 1823 vocet
784 1778 840 1822 in
857 1773 964 1836 jus;
985 1774 1120 1820 illius
1143 1783 1248 1820 esto

48 1851 310 1898 Defensm:
330 1847 459 1895 fama
478 1850 637 1895 civem
657 1863 903 1928 causaque
921 1846 1140 1909 priorem

45 1925 254 1985 Sperne,
277 1920 411 1967 domi
432 1921 472 1965 si
491 1930 670 1982 gnatus
690 1919 783 1965 erit
800 1916 1074 1964 fecundave
1093 1914 1297 1996 conjux.

49 1988 256 2053 Quinte⁶
259 2025 279 2051 .,
294 2002 442 2055 puta,
455 2003 540 2037 aut
556 1988 792 2054 Publi,(g
764 1989 977 2036 caudent
991 1987 1298 2052 praenomine
1312 1984 1482 2032 molles
1550 1997 1551 2004 ¹

48 2064 353 2127 Auriculae,)
373 2061 464 2108 tihi
484 2079 561 2108 me
583 2064 741 2108 virtus
762 2072 847 2108 tua
867 2061 981 2107 fecit
1002 2059 1240 2106 amicum:

48 2137 137 2183 Jus
155 2151 336 2214 anceps
357 2134 503 2191 novi,
522 2149 689 2179 causas
712 2131 972 2178 defendere
991 2145 1222 2194 possum·

47 2205 230 2269 Eripiet
250 2206 416 2267 quivis
435 2205 605 2251 oculos
625 2203 771 2251 citius
791 2203 941 2259 mihi,
961 2217 1113 2272 quarn
1132 2210 1179 2246 te

49 2276 404 2339 Contemptum
427 2292 557 2322 cassa
577 2291 704 2321 nuce
722 2291 914 2338 pauper
916 2283 988 2319 et
1008 2267 1237 2317 haec'mea
1254 2280 1369 2313 cura
1384 2276 1483 2323 est,

118 2404 144 2449 3
190 2404 450 2461 Antequam
501 2399 736 2444 fructuum
873 2397 899 2441 5
918 2396 1063 2440 Hamo
1079 2399 1369 2454 praegustato.
1384 2391 1483 2433 Me-

52 2471 272 2527 primitias
291 2468 485 2514 Laribus
506 2468 593 2511 tuis
617 2464 736 2511 offe·
801 2464 995 2524 taphora
1015 2476 1040 2505 a
1058 2462 1156 2521 pis(
1160 2460 1277 2505 ibus.

54 2549 138 2580 ras.
787 2541 794 2546 ·
868 2531 900 2575 6
917 2530 1109 2573 Tiresias
1122 2544 1172 2573 ca
1162 2544 1224 2588 p.
1211 2536 1400 2571 zatorem
1414 2522 1487 2566 do-

122 2608 149 2654 ά
168 2605 334 2648 Comes
355 2601 586 2647 inferiora
606 2608 737 2661 parte
803 2607 877 2643 cet
914 2595 1160 2640 formulam
1193 2594 1311 2639 senis
1345 2606 1486 2636 aucu-

51 2670 229 2715 sinistra
248 2669 483 2715 incedens.
787 2662 960 2726 pandi.
1006 2719 1015 2730 ⁸
1270 2676 1275 2681 ·
1500 2665 1507 2669 ”
