1747 2988
238 159 337 205 268
551 155 614 217 Q.
651 155 1013 203 ΠοιιΑΤιι
1049 152 1352 204 ηΑοοι

237 244 345 292 Sub
364 255 560 292 noctem
579 243 786 307 gelidam
805 244 951 307 lignis
969 243 1218 290 calefactat
1237 242 1492 291 ahenum:

241 315 341 363 Sed
359 315 518 361 vocat¹
528 331 686 377 usque
705 331 849 361 suum
862 346 880 373 ,
903 312 1000 377 qua
1016 314 1242 395 populus
1261 314 1422 360 adsita
1444 317 1586 363 certis

238 385 504 433 Limitibus
523 386 683 432 vicina
688 384 913 467 refugit
898 385 1089 448 jurgia·
1106 395 1359 448 tamqnam
1715 420 1716 423 η

240 457 317 503 Sit
334 457 596 520 proprium
616 456 913 537 quidquam,
931 466 1121 518 puncto
1142 455 1281 518 quod
1303 455 1506 504 mobilis
1525 458 1666 515 horae,
1715 450 1716 521 ¹

239 526 291 575 N
292 543 391 573 unc
409 543 552 591 prece
563 559 580 587 ,
595 540 732 574 nunc
746 527 936 591 pretio,
953 542 1088 574 nunc
1104 526 1183 585 vi,
1203 541 1344 573 nunc
1356 539 1497 574 sorte
1515 545 1667 592 supoe·

417 598 522 659 ma,
1715 642 1716 659 ι

238 668 493 715 Permutet
512 669 741 717 dominos
760 679 809 715 et
827 667 993 714 cedat²
997 668 1049 714 in
1070 666 1252 714 altera
1235 683 1361 727 Jura.
1715 694 1716 735 1

236 739 346 798 Sic,
364 740 480 802 quia
498 751 769 804 perpetuus
787 738 914 785 nulli
940 739 1086 785 datur
1103 753 1249 792 usus,
1268 749 1319 784 et
1336 739 1498 786 haeres

239 809 498 859 Haeredem
519 811 744 870 alterius,
761 810 902 856 velut
920 809 1053 856 unda
1073 810 1363 872 supervenit
1381 810 1602 870 undam,

242 880 386 940 Quid
405 882 501 929 vici
519 892 732 946 prosunt
742 886 766 941 ,'
778 890 865 944 aut
884 879 1091 927 horrea?
1110 879 1294 944 quidve
1311 880 1533 928 Calabris

240 952 460 1000 Saltibus
477 952 656 1014 adjecti
675 954 887 1010 Lucam,
910 952 951 998 si
972 951 1112 998 metit
1130 951 1291 997 Orcus
1425 970 1430 973 ·

239 1023 455 1070 Grandia
475 1040 590 1069 cum
609 1023 798 1085 parvis,
816 1037 924 1068 non
941 1021 1203 1069 exorabilis
1221 1022 1374 1067 auro?

240 1093 496 1151 Gemmas,
519 1107 760 1151 mat-mor,
779 1091 931 1150 ebur,
951 1092 1205 1155 Tyrrhena
1224 1091 1375 1154 sigilla
1386 1088 1429 1151 ,³
1439 1092 1651 1152 tabellas,

241 1159 950 1227 Argentum,vestes*Gaetulo
970 1163 1157 1209 murice
1178 1163 1379 1223 tinctas,

236 1237 374 1283 Sunt
391 1236 477 1298 qui
498 1250 603 1289 non
619 1233 858 1291 habeaut3
882 1244 955 1280 est
974 1234 1062 1296 qui
1080 1249 1184 1280 non
1202 1245 1343 1280 curat
1361 1233 1564 1283 habere.

239 1306 345 1354 Cur
363 1305 483 1352 alter
502 1305 711 1351 fratrum
730 1320 913 1350 cessare
932 1316 982 1351 et
998 1303 1169 1350 ludere
1187 1315 1237 1350 et
1254 1305 1375 1367 ungi
1447 1326 1455 1331 ·

240 1373 495 1424 Praefemt⁵
509 1375 717 1421 Herodis
737 1376 960 1438 palmetis
980 1369 1276 1438 pinguibus3
1302 1375 1456 1434 alter,

236 1446 392 1493 Dives
412 1458 461 1493 et
477 1447 828 1509 importunus,
847 1446 908 1491 ad
927 1445 1156 1492 umbram
1177 1445 1299 1491 lucis
1317 1445 1377 1491 ab
1399 1458 1520 1493 ortu
1715 1440 1716 1475 ¹

237 1518 525 1565 silvestrem
542 1516 752 1564 flammis
772 1529 820 1565 et
845 1518 974 1564 ferro
994 1517 1184 1599 mitiget
1201 1532 1402 1581 agmm3

239 1590 344 1636 Scit
364 1590 578 1646 Genius,
595 1588 752 1635 natale
771 1604 937 1636 comes
956 1588 1043 1652 qui
1062 1598 1301 1650 temperat
1320 1545 1541 1648 astrum,

238 1660 446 1708 Naturae
464 1662 600 1707 Deus
618 1655 897 1719 Ιιιιιιιειιιαε,6
904 1659 1152 1705 mortalis'
1138 1675 1193 1703 m
1213 1675 1396 1704 unum·
1599 1655 1606 1664 ’
1715 1681 1716 1744 ¹

239 1731 478 1794 quodque
496 1740 671 1793 caput,
689 1731 833 1777 vultu
854 1730 1128 1787 mutabilis,
1150 1728 1289 1775 albus
1308 1740 1358 1776 et
1375 1741 1498 1777 ater.

236 1802 386 1858 Utar,
406 1812 455 1847 et
473 1818 534 1847 ex
555 1802 751 1848 modico
765 1833 782 1860 ,
801 1799 1045 1865 quantum
1064 1816 1140 1846 res
1158 1812 1353 1863 poscet,
1372 1797 1557 1849 acervo
1714 1753 1717 1906 ⁴

235 1871 433 1918 Tollam
448 1889 461 1929 3
479 1887 570 1917 nec
589 1883 802 1918 metuam
825 1871 1028 1934 quidde
1048 1887 1125 1917 me
1141 1870 1336 1931 judicet·
1345 1872 1524 1931 haeres,

241 1942 395 2002 Quod
413 1958 519 1987 non
537 1942 681 2003 plura
700 1942 824 1987 datis
843 1943 1113 1988 invenerit:
1137 1952 1186 1987 et
1203 1951 1368 1988 tamen
1385 1942 1537 1989 idem*

235 2012 369 2060 Scire
388 2010 549 2058 volam
571 2010 815 2073 quantum
834 2011 1046 2076 simplex
1067 2007 1359 2075 hilarisque⁷
1363 2015 1550 2076 nepoti

235 2084 516 2147 Discrepet,
537 2093 585 2130 et
606 2081 851 2145 quantum
870 2083 1116 2131 discordet
1134 2099 1310 2146 parcus
1329 2098 1497 2130 avaro.

232 2155 396 2202 'Distat
405 2154 535 2201 enim
546 2187 562 2214 ,
578 2170 772 2217 spargas
783 2164 866 2200 tua
877 2154 1139 2217 prodigus,
1154 2170 1218 2200 an
1228 2170 1390 2216 neque
1406 2167 1669 2219 sumptum

308 2292 328 2321 1
351 2276 420 2320 Eo
421 2293 583 2356 usque
602 2292 750 2322 suum.
981 2293 1120 2337 quam
1143 2273 1380 2337 possidere
1405 2280 1573 2325 omnia
1599 2282 1668 2336 sy-

303 2356 335 2385 o.
356 2344 407 2385 In
421 2334 610 2388 alterius
629 2353 916 2404 potestatem.
977 2345 1057 2389 riae
1070 2343 1297 2404 palmeta,
1307 2343 1356 2388 id
1371 2353 1441 2388 est
1456 2345 1569 2390 loca
1583 2345 1666 2426 pal-

303 2408 332 2452 3
353 2408 567 2451 picturas.
979 2411 1064 2454 mis
1080 2411 1271 2455 consita.

300 2478 331 2522 ά
349 2473 568 2531 Purpura.
756 2511 759 2514 .
1045 2477 1077 2522 6
1107 2477 1227 2532 Qui,
1253 2492 1551 2537 unoquoque
1570 2487 1667 2524 nos-

241 2558 249 2563 -
303 2538 329 2582 5
349 2539 445 2580 Scit
479 2539 648 2582 Genius
685 2540 912 2599 quamob-
977 2542 1099 2589 trum
1117 2553 1327 2598 mortuo,
1346 2545 1568 2590 moritur.

233 2618 331 2645 rem
363 2601 478 2645 alter
508 2618 564 2646 ex
602 2604 783 2649 duobus
820 2606 911 2652 fra-
1045 2624 1076 2670 7
1097 2609 1371 2658 Luxurioso.

229 2666 376 2710 tribus
396 2666 546 2711 ·malit
587 2683 684 2713 esse
734 2672 909 2715 otiosuz

204 2795 207 2798 ’
220 2801 267 2839 “x
