1747 2988
293 168 298 173 .
358 129 827 181 CARMINUM
861 131 1008 183 LIB.
1047 139 1164 187 111.
1414 144 1481 191 85

322 220 471 268 Nube
489 221 668 283 polum
688 224 831 269 Pater
850 237 1098 289 occupato
1111 260 1127 286 ‚

176 292 280 337 Vel
297 292 399 338 sole
419 307 574 354 puro:
597 308 704 339 non
724 303 889 340 tamen
906 296 1105 344 irritum

179 361 559 425 Quodcumque
579 374 712 411 retro
733 375 806 411 est
824 363 1031 426 efficiet3
1051 375 1213 433 neque

252 432 499 496 Diffinget
517 434 858 500 infectumque
876 439 1048 504 redsdet

323 504 479 565 Quod
497 504 691 568 fugiens
707 509 860 555 semel
882 508 1005 556 hora
1023 512 1174 559 vexit.

176 579 429 635 Fortuna,
448 591 579 623 saevo
598 578 707 625 laeta
725 581 959 642 negotio,
976 592 1025 627 et

177 646 382 698 Ludum
402 647 696 695 insolentem
716 649 890 697 ludere
909 653 1166 715 pertinax,

249 719 572 765 Transmutat
591 720 805 768 incertos
823 722 1070 783 honores,

320 788 472 836 Nune
492 791 640 851 mihi,
661 805 798 842 nunc
815 793 898 840 alii
915 794 1142 858 benigna.

135 883 138 886 >
179 859 350 907 Laudo
367 860 384 879 ²
399 874 709 909 manentem:
732 864 773 909 si
792 866 971 911 celeres
992 869 1154 929 quatit

181 933 398 990 Pennas25
416 934 615 996 resigno
636 950 748 997 quae
768 934 930 996 dedit,
950 948 1003 983 et
1021 937 1125 984 med

247 997 452 1049 Virtute
471 1015 552 1050 me
570 1005 804 1066 involvo,
827 1007 1136 1072 probamque

321 1073 615 1137 Pauper-iem
638 1071 743 1124 sine
764 1077 881 1125 do'te
898 1095 1084 1142 quoero.

181 1143 299 1190 Non
320 1155 394 1191 est
415 1161 581 1192 meum
596 1179 614 1206 ‚
635 1148 677 1194 si
695 1150 883 1211 mugiat
901 1150 1080 1197 Africis

183 1213 348 1262 Malus
366 1217 624 1278 procellis,
647 1217 709 1264 ad
727 1220 926 1266 miseras
945 1218 1114 1283 preces
1128 1237 1141 1245 ‘

252 1288 551 1347 Decurrere,
570 1299 619 1334 et
637 1290 767 1336 votis
787 1291 970 1353 pacisci

323 1359 399 1405 Ne
420 1358 613 1422 Cypriae
632 1361 892 1424 Tyriaeque
912 1379 1095 1409 merces
1160 1390 1167 1394 -

186 1426 385 1475 Addant
403 1445 551 1476 avaro
572 1430 765 1478 divitias
785 1434 925 1479 mari.

189 1499 316 1546 Tum
336 1517 442 1559 me,
464 1500 666 1548 biremis
684 1504 915 1565 praesidio
936 1505 1153 1566 scaphae,

253 1572 445 1618 Tutum
464 1589 553 1635 per
572 1574 764 1635 Aegeos
784 1573 1034 1619 tumultus

323 1644 463 1689 Aura
483 1643 607 1690 feret
626 1643 957 1708 geminusque
975 1644 1172 1691 Pollux.

75 1794 260 1821 *m

985 1811 1450 1830 ΜΜΏἏΏὍὨὮὌὯ

471 1922 685 1990 ODE
759 1925 1059 1992 XXIV.

190 2027 344 2113 Exn
357 2083 422 2115 αι
443 2083 828 2119 monumentum
847 2088 941 2119 aere
959 2074 1251 2136 perennius,

192 2137 468 2200 Regalique
479 2141 578 2187 situ
597 2142 914 2205 pyramidum
934 2144 1104 2200 altius;

192 2206 345 2267 Quod
363 2225 468 2257 non
488 2210 647 2257 imber
666 2213 815 2271 edax,
835 2229 940 2261 non
958 2215 1145 2276 Aquilo
1167 2215 1411 2276 impotens

189 2278 347 2325 Possit
368 2278 589 2340 diruere,
610 2295 695 2331 aut
712 2284 1088 2350 innumerabilis

191 2349 455 2397 Annorum
476 2353 649 2410 series,
671 2365 720 2401 et
738 2354 852 2416 fuga
875 2365 1173 2416 temporum.

189 2417 304 2466 Non
322 2423 486 2468 omnis
505 2424 711 2470 moriar:
735 2425 991 2486 multaque
1009 2442 1120 2488 pars
1140 2427 1234 2472 mei

191 2489 378 2538 vitabit
391 2489 408 2515 ³
422 2493 706 2540 Libitinam.
737 2497 906 2557 Usque
926 2510 1016 2558 ego
1035 2493 1230 2559 posterii

124 2623 149 2653 ’λ
167 2612 410 2660 Fortunam
432 2617 656 2663 stabilem.
798 2618 944 2663 bitina
965 2627 1033 2663 est
1051 2617 1136 2661 dea
1156 2617 1384 2661 fimet-um.

125 2677 147 2720 3
182 2679 386 2743 Effugiet
413 2694 626 2728 mortem.
662 2686 732 2728 Li-

1247 2765 1273 2807 8
