1747 2988
421 161 926 212 SATIRARUM
960 163 1106 211 121ss.
1144 166 1223 212 11.
1446 170 1546 230 195

75 252 317 304 Hercule
329 253 341 298 !
363 252 554 316 siquod
564 250 700 299 adest
710 263 906 315 gratum
920 251 1062 313 juvat
1074 271 1085 299 :
1104 254 1198 301 hic
1208 271 1352 318 prece
1363 265 1411 302 te
1421 272 1513 304 oro
1525 290 1542 318 ‚

74 328 292 390 Pingue
310 340 464 386 pecus
483 323 691 370 domino
713 324 885 383 facias,
903 336 954 371 et
972 338 1155 383 cetera,
1177 338 1357 388 praeter

74 395 362 462 Ingenium
378 410 391 449 ς
409 406 569 457 utque
588 395 713 442 soles
726 429 744 454 ,
759 408 929 442 custos
948 396 1073 442 mihi
1091 398 1337 444 maximus
1355 398 1499 446 adsis.

74 470 250 532 Ergo,
269 465 360 513 nbi
381 481 461 514 me
480 467 536 512 in
556 477 750 513 montes
768 477 818 513 et
837 467 893 514 in
910 483 1070 513 arcem
1090 483 1152 513 ex
1174 467 1298 514 urbe
1316 470 1536 530 removi,
1606 466 1609 471 ’

74 536 235 602 Quid
252 535 400 602 prius
418 536 664 584 illustrem
683 538 844 584 satiris
857 571 875 597 ‚
891 538 1131 600 musique
1150 539 1368 603 pedestri
1379 543 1402 587 Ξ*

71 610 193 658 Nec
214 609 344 675 mala
366 624 446 655 me
465 607 669 655 ambitio
686 608 877 672 perdit,
896 625 986 655 nec
1003 608 1271 672 plumbeus
1288 612 1498 671 Auster,
1536 622 1541 627 ⁴

73 676 494 742 Autumnusque
511 680 670 743 gravis
680 677 718 738 ‚⁵
727 680 960 727 Libitinae
978 693 1196 742 quaestus
1215 680 1414 729 acerbae.

73 752 344 800 Matutine
362 761 527 814 pater,
545 766 632 813 seu
651 753 682 796 J
685 767 777 798 ane
794 750 1035 797 libentius
1056 750 1225 811 audis,

74 821 237 872 Unde
255 821 489 869 homines
510 828 720 884 operum
740 827 931 885 primos
950 823 1165 884 vitaeque
1182 822 1377 871 labores

71 893 402 953 Instituunt.,
419 894 488 939 sic
507 893 596 938 Dis
615 892 855 954 placitum
867 925 885 951 ‚
902 903 960 938 tu
979 893 1208 941 carminis
1226 905 1336 941 esto

71 964 417 1026 Principium.
430 959 450 987 ⁶
465 967 639 1010 Romae
658 979 951 1026 sponsorem
971 981 1049 1011 me
1067 966 1216 1028 rapis.
1232 993 1305 1001 —
1321 966 1429 1012 Eia!
1460 970 1473 978 ‘

71 1037 156 1083 Ne
174 1035 326 1099 prior
343 1032 513 1082 officio
535 1034 800 1098 quisquam
820 1035 1143 1098 respondeat,
1162 1053 1308 1101 urge:
1374 1070 1383 1089 ,

72 1109 197 1156 Sive
219 1106 413 1168 Aquilo
437 1105 564 1152 radit
584 1116 760 1165 terras,
779 1123 864 1153 seu
884 1106 1064 1154 bruma
1081 1108 1298 1155 nivalem

68 1177 328 1226 Interiore
341 1172 495 1223 ⁷diem
509 1193 632 1240 gyro
652 1177 862 1237 trahit,
849 1195 920 1224 ire
939 1195 1136 1226 necesse
1156 1189 1333 1225 est.—

71 1244 387 1298 Ροεηιιιοάο8
389 1281 406 1307 ‚
422 1247 563 1311 quod
582 1247 651 1294 mi
671 1248 830 1307 obsit,
846 1249 975 1295 clare
993 1247 1287 1311 certumque
1304 1249 1506 1312 locuto,

69 1317 435 1368 Luctandum
421 1336 475 1365 m
495 1308 669 1375 turba3
688 1318 941 1365 facienda
926 1318 1107 1381 injuria
1126 1320 1295 1366 tardis.
1314 1347 1385 1355 —

72 1390 226 1452 Quid
242 1391 345 1449 vis,
366 1390 556 1436 insane.
548 1391 570 1422 ³
586 1399 637 1436 et
653 1406 776 1452 quas
797 1406 872 1436 res
891 1390 1027 1453 agis?
1044 1390 1308 1454 improbus
1327 1401 1472 1456 urget

72 1461 225 1511 Iratis
230 1457 513 1525 'precibuu
534 1471 589 1508 tu
608 1460 772 1525 pulses
794 1477 942 1509 omne
961 1461 1099 1526 quod
1119 1461 1308 1524 obstat,

70 1533 157 1582 Ad
180 1534 507 1580 Maecenatem
527 1534 735 1580 memori
754 1533 796 1579 si
815 1544 981 1580 mente
999 1549 1236 1581 recurras.
1251 1561 1323 1570 —

70 1603 211 1653 Hoc'
222 1603 390 1665 'juvat
404 1615 455 1651 et
468 1604 606 1651 melli
617 1613 717 1663 est,
732 1620 838 1651 non
853 1605 1080 1650 mentiar.
1106 1606 1177 1651 At
1188 1638 1204 1664 ‚
1217 1605 1367 1653 simul
1385 1615 1512 1654 atras

68 1679 306 1724 Ventum
325 1687 399 1723 est
417 1674 686 1738 Esquilias,
706 1675 861 1721 aliena
876 1676 1074 1738 negotia
1095 1686 1299 1722 centum

69 1750 170 1796 Per
190 1757 346 1811 caput
364 1758 414 1793 et
431 1747 557 1793 circa
579 1745 764 1793 saliunt
782 1746 929 1795 latus.
958 1748 1093 1793 Ante
1114 1746 1382 1796 secundam

71 1818 299 1867 Roscius
320 1816 542 1865 orabat¹¹
561 1815 657 1863 sibi
675 1816 865 1864 adesses
885 1817 946 1864 ad
964 1817 1137 1864 Puteal
1158 1834 1278 1866 cras.

68 1892 148 1938 De
169 1905 226 1937 re
245 1889 508 1937 communi
526 1888 696 1935 scribae
716 1888 891 1952 magnai
909 1899 1059 1952 atque
1079 1889 1207 1936 nova
1231 1900 1280 1937 te

73 1960 305 2011 orabant
323 1959 474 2008 hodie
494 1959 823 2022 meminisses»,
845 1961 1064 2022 Quinte,
1081 1957 1286 2009 reverti:

143 2087 175 2132 5
198 2086 357 2142 Quum
375 2083 539 2129 multi‘
525 2100 573 2128 m
590 2093 769 2128 autum·
836 2083 1056 2130 damnum
1075 2083 1262 2139 afferat,
1286 2055 1519 2147 Sponden—-

75 2169 139 2198 no
154 2154 406 2197 intereunt.
423 2151 626 2195 Libitina
638 2149 768 2200 fune·
834 2152 900 2196 do
918 2156 1156 2195 nimirum.

74 2211 190 2265 rum=
203 2218 307 2262 dea.
369 2245 380 2250 ,
901 2232 933 2278 9
951 2218 1073 2261 Diris
1088 2215 1447 2276 precationibus.

141 2286 176 2333 6
209 2285 370 2342 Quum
396 2285 557 2329 Romae
583 2299 708 2338 sum,
737 2299 767 2328 o
908 2298 966 2329 10
996 2280 1265 2342 Respondet
1282 2283 1518 2337 Horatius,

71 2353 214 2406 Iane,
230 2361 282 2395 tu
302 2352 432 2412 cogis
455 2366 529 2396 me
549 2365 646 2396 esse
660 2349 769 2395 fide-
833 2350 925 2394 hoc
936 2382 949 2404 ,
968 2364 1135 2408 nempe
1148 2350 1195 2392 in
1209 2348 1343 2393 turb&
1352 2350 1516 2408 jactari

65 2419 319 2480 jussor-em.
833 2426 880 2462 et
892 2415 1010 2461 maie
1025 2415 1183 2459 audire
1193 2448 1206 2470 ,
1226 2431 1322 2460 esse
1337 2416 1425 2460 sihi
1439 2432 1517 2461 vo-

143 2502 176 2546 7
218 2486 324 2531 Sive
355 2484 520 2529 bruma
551 2482 767 2528 breviore
832 2483 994 2543 luptati
1014 2483 1154 2526 instar
1172 2482 1332 2527 mellis.

71 2553 253 2610 ambitu
275 2550 400 2595 diem
420 2550 663 2596 contrahit.
904 2563 922 2593 1
938 2564 955 2594 ι
971 2550 1033 2593 Ut
1043 2549 1289 2602 thorati,
1299 2549 1387 2594 sihi
1398 2547 1516 2595 essen

144 2620 176 2665 8
195 2621 356 2663 Postea
371 2616 677 2662 laborandum
697 2625 764 2662 est
828 2616 1077 2672 advopatus
1097 2614 1154 2658 ad
1171 2613 1352 2674 puteal,
1379 2615 1429 2660 id
1448 2626 1517 2661 est

73 2685 190 2731 mihi
225 2687 276 2729 in
303 2684 466 2738 turbfi,
492 2683 542 2727 id
565 2682 686 2727 clare
717 2692 763 2728 et
828 2682 888 2727 ad
907 2683 1066 2727 locum
1083 2680 1347 2742 ubipraetor
1358 2682 1433 2740 jus
1447 2682 1517 2729 di·

73 2752 234 2812 aperte
265 2751 450 2807 locuto,
487 2749 617 2811 quod
646 2749 761 2794 mihi
827 2749 978 2796 cahat.
