1747 2988
361 54 966 106 EPISTOLARUM
1006 59 1154 106 ΜΒ.
1197 62 1239 106 1.
1418 62 1517 124 239

17 156 179 216 Quo
206 165 291 198 res
310 163 552 211 sponsore
571 156 619 192 et
642 162 757 211 quq
769 161 926 193 causae
946 156 1069 193 teste
1091 157 1343 195 tenentur.
1414 158 1420 165 ·

17 224 141 273 {ed
168 220 326 269 videt
346 220 485 265 hunc
505 218 668 264 omn'is
687 216 866 264 domus
886 227 934 264 et
952 218 1132 264 vicinia
1152 228 1254 265 tota

17 301 356 345 introrsum
379 301 605 352 turpem,
625 288 904 350 speciosum
928 289 1057 351 pelle
1077 288 1268 336 decori.

18 370 159 417 Nec
188 363 394 410 furtum
415 361 534 419 feci,
551 376 642 406 nec
660 358 790 422 fugi,
809 360 850 406 si
868 359 996 405 mihi
1015 359 1145 406 dicat

22 443 280 487 Servus:
301 432 465 479 Habes
486 431 705 495 pretium
718 462 735 490 ,
754 430 876 477 loris
894 447 1000 477 non
1024 430 1205 489 ureris,
1228 431 1322 478 aio.
1341 459 1413 468 ·-

22 506 180 557 Non
193 504 462 558 hominem
474 501 722 550 occidi.—
731 503 851 550 Non
858 516 1027 564 pasces
1035 501 1090 547 in
1100 514 1245 548 cruce
1255 518 1431 550 corvos
1437 530 1521 550 .--

31 584 188 628 Sum
213 576 387 622 bonus
407 584 456 620 et
476 572 622 637 frugi.
637 601 710 609 —-
725 573 914 619 Renuit
932 582 1077 635 uegat
1096 569 1493 636 atque⁶Sabellus
1505 592 1526 626 ε,

32 654 265 701 Cautus
285 647 420 692 enim
438 645 621 692 metuit
639 644 834 691 foveam
852 644 1033 706 lupus,
1056 644 1388 707 accipiterque

34 726 348 783 Suspectos
371 717 600 778 laqueos,
619 710 931 778 et⁹0pertum
953 715 1139 763 miluus
1157 715 1381 762 hamum.

34 793 312 841 Oderunt
329 803 529 850 peccare
547 786 671 833 boni
688 787 891 832 virtutis
918 802 1109 844 ampre3

34 867 139 911 Tu
162 859 309 908 nihil
328 858 557 905 admittes
577 858 631 903 in
651 867 698 903 te
717 856 984 903 formidine
1007 872 1180 920 poenae.

39 936 133 982 Sit
157 947 283 995 spes
304 928 531 986 fallendi,
554 927 779 974 miscebis
799 943 931 974 sacra
950 927 1186 1010 profanis.

40 1007 201 1054 Nam
225 1001 288 1047 de
311 1000 442 1047 mille
462 999 585 1047 fabae
604 999 783 1046 modiis
804 1015 965 1062 quum
984 1000 1190 1063 surripis
1211 1016 1397 1061 unum,

42 1078 336 1123 Damnum
356 1082 455 1131 est,
473 1087 579 1118 non
600 1070 815 1129 facium,
834 1070 958 1117 mihi
977 1082 1123 1134 pacto
1142 1071 1300 1118 lenius
1318 1072 1431 1119 isto.
1544 1130 1548 1134 .
1575 1121 1579 1125 ,

38 1145 179 1205 ⁴Vir'
194 1144 218 1162 ⁰
231 1142 427 1201 bonus,
448 1158 595 1190 omne
614 1141 782 1189 forum
800 1155 952 1203 quem
970 1153 1159 1204 spectat
1177 1153 1226 1189 et
1244 1159 1392 1189 omne
1411 1144 1497 1190 tri-

254 1213 436 1272 bunal,
1163 1218 1176 1235 ²

50 1284 523 1349 Quandocumque
542 1285 676 1330 Deos
692 1282 774 1329 vel
789 1298 946 1346 porco
966 1283 1046 1329 vel
1065 1282 1192 1329 hove
1212 1283 1397 1346 placat,

49 1362 86 1405 J
88 1375 199 1407 ane
224 1366 392 1420 pater,
415 1354 566 1413 clare,
587 1353 711 1400 clare
732 1370 894 1417 quum
913 1353 1065 1412 dixit,
1084 1354 1294 1421 ᾼΡοΠος

48 1426 256 1478 Labra¹
273 1427 488 1485 ¹movet„
506 1437 733 1473 metuens
751 1425 938 1472 audiri:
961 1422 1192 1473 Pulchra¹
1204 1426 1469 1488 'Lava-nn,

50 1505 139 1550 Da
162 1499 303 1548 mihi
322 1498 509 1557 fallere,
531 1498 589 1544 da
607 1496 800 1559 justum
819 1508 1145 1560 sanctumque
1164 1498 1346 1556 videri3

49 1575 294 1622 Noctem
314 1570 525 1633 peccatis
545 1580 594 1616 et
614 1567 873 1615 fraudibus
893 1567 1053 1629 objice
1070 1569 1276 1616 nubem.

52 1645 178 1706 Qui
202 1641 384 1688 melior
404 1657 546 1688 servo
558 1673 575 1699 ,‚
595 1640 683 1704 qui
701 1640 903 1694 liberior
922 1640 985 1686 sit
1004 1655 1205 1700 avarus,

51 1718 120 1763 In
145 1712 321 1763 triviis
338 1710 500 1764 fixum
519 1715 678 1776 quum
697 1728 748 1758 se
768 1710 985 1758 demittit
1004 1710 1070 1761 ob
1089 1726 1241 1758 assem
1254 1744 1271 1771 ‚

53 1789 196 1837 Non
216 1783 392 1833 video:
414 1785 528 1830 uam
547 1784 637 1846 qui
655 1784 848 1846 cupiet,
867 1792 1057 1829 metuet
1075 1798 1304 1846 quoque3
1321 1785 1502 1848 porri),

60 1858 183 1920 Qui
206 1866 436 1902 metuens
455 1856 608 1914 vivit,
625 1854 749 1901 liber
765 1853 889 1899 mihi
907 1869 1013 1900 non
1033 1855 1126 1901 erit
1144 1870 1399 1918 umquam.

58 1927 307 1978 Perdidit
326 1942 483 1986 arma,
501 1927 670 1975 locum
690 1926 892 1972 virtutis
912 1924 1154 1985 deseruit,
1173 1928 1262 1990 qui
1292 1951 1300 1957 -

61 2004 290 2062 Semper
307 1998 361 2043 in
379 1997 600 2060 eugendii
620 1998 818 2045 festinat
837 2009 887 2045 et
906 1997 1139 2045 obruitur
1155 2014 1224 2046 re.

61 2070 314 2121 Vendere
332 2085 492 2131 quum
512 2070 670 2132 possis
691 2069 973 2132 captivum,
992 2069 1216 2116 occidere
1235 2070 1336 2117 noli
1350 2086 1379 2115 ει

140 2197 177 2241 ὃ
218 2194 436 2238 Horatius
458 2193 517 2237 ²in
549 2209 659 2255 agro
687 2208 772 2237 suo
800 2237 807 2249 ,
890 2208 931 2237 -1
946 2208 964 2237 1
986 2191 1234 2237 Summissfi
1248 2209 1362 2238 voce
1378 2192 1527 2254 loqui-

66 2262 260 2308 Sabino
280 2260 494 2305 existens.
838 2268 937 2314 tur,
955 2258 1118 2304 nolens
1137 2275 1191 2305 ea
1209 2261 1359 2305 audiri
1378 2260 1437 2306 ab
1455 2276 1524 2305 as-

143 2344 180 2389 9
199 2325 447 2384 Occultum
457 2327 644 2372 hamum
656 2341 773 2370 :non
838 2326 1100 2371 sistentibus
1120 2343 1222 2387 quae
1242 2343 1400 2373 secum
1418 2344 1523 2387 pre-

73 2394 304 2441 desinunt
323 2402 476 2438 tamen
491 2394 561 2438 hae
579 2393 688 2450 fera}
707 2408 775 2438 ra·
832 2402 997 2448 catur,
1030 2395 1094 2439 sic
1111 2426 1125 2447 ,
1157 2410 1187 2439 o
1215 2395 1412 2455 pulchra
1439 2396 1526 2444 La-

75 2476 226 2522 paces
247 2475 360 2505 esse.
383 2461 458 2506 Sic
477 2469 551 2513 tu,
573 2470 659 2506 etc.
838 2475 1001 2514 verna,
1021 2470 1106 2505 etc.

155 2542 217 2588 10
232 2528 345 2571 Non
357 2526 487 2585 vere,
503 2527 584 2573 sed
599 2527 776 2588 opiniq-
915 2542 973 2573 12
992 2528 1090 2572 Dca
1108 2527 1279 2572 furum.

74 2610 139 2642 ne
164 2594 311 2656 vulgi.
