<?xml version="1.0" encoding="UTF-8"?>
<!DOCTYPE html PUBLIC "-//W3C//DTD XHTML 1.0 Transitional//EN"
    "http://www.w3.org/TR/xhtml1/DTD/xhtml1-transitional.dtd">
<html xmlns="http://www.w3.org/1999/xhtml" xml:lang="en" lang="en">
 <head>
  <title>
</title>
<meta http-equiv="Content-Type" content="text/html;charset=utf-8" />
  <meta name='ocr-system' content='tesseract 3.04.00' />
  <meta name='ocr-capabilities' content='ocr_page ocr_carea ocr_par ocr_line ocrx_word'/>
</head>
<body>
  <div class='ocr_page' id='page_1' title='image "./quintushoratius03horagoog_0254.png"; bbox 0 0 1747 2988; ppageno 0'>
   <div class='ocr_carea' id='block_1_1' title="bbox 260 122 1396 194">
    <p class='ocr_par' dir='ltr' id='par_1_1' title="bbox 260 122 1396 194">
     <span class='ocr_line' id='line_1_1' title="bbox 260 122 1396 194; baseline -0.007 -9"><span class='ocrx_word' id='word_1_1' title='bbox 260 128 364 193; x_wconf 56' lang='grc' dir='ltr'><strong>πα</strong></span> <span class='ocrx_word' id='word_1_2' title='bbox 585 122 1055 194; x_wconf 50' lang='lat' dir='ltr'><strong>osacen-11</strong></span> <span class='ocrx_word' id='word_1_3' title='bbox 1088 126 1396 181; x_wconf 74' lang='lat' dir='ltr'><strong>FLAcct</strong></span> 
     </span>
    </p>
   </div>
   <div class='ocr_carea' id='block_1_2' title="bbox 241 214 1712 1994">
    <p class='ocr_par' dir='ltr' id='par_1_2' title="bbox 263 214 1503 286">
     <span class='ocr_line' id='line_1_2' title="bbox 263 214 1503 286; baseline -0.002 -16"><span class='ocrx_word' id='word_1_4' title='bbox 263 219 438 284; x_wconf 78' lang='lat' dir='ltr'><strong>Quid?</strong></span> <span class='ocrx_word' id='word_1_5' title='bbox 454 220 542 286; x_wconf 87' lang='lat' dir='ltr'><strong>qui</strong></span> <span class='ocrx_word' id='word_1_6' title='bbox 560 221 812 285; x_wconf 77' lang='lat' dir='ltr'><strong>pervenit,</strong></span> <span class='ocrx_word' id='word_1_7' title='bbox 831 219 1011 268; x_wconf 79' lang='lat' dir='ltr'>fecitne</span> <span class='ocrx_word' id='word_1_8' title='bbox 1031 219 1269 267; x_wconf 80' lang='lat' dir='ltr'><strong>viriliter?</strong></span> <span class='ocrx_word' id='word_1_9' title='bbox 1294 220 1458 285; x_wconf 84' lang='lat' dir='ltr'>Atqui</span> <span class='ocrx_word' id='word_1_10' title='bbox 1487 214 1503 221; x_wconf 35' lang='grc' dir='ltr'><strong>Ἴ</strong></span> 
     </span>
    </p>

    <p class='ocr_par' dir='ltr' id='par_1_3' title="bbox 261 291 1692 428">
     <span class='ocr_line' id='line_1_3' title="bbox 261 291 1692 355; baseline 0.001 -14"><span class='ocrx_word' id='word_1_11' title='bbox 261 293 357 341; x_wconf 73' lang='grc' dir='ltr'><strong>Ηὶο</strong></span> <span class='ocrx_word' id='word_1_12' title='bbox 367 303 457 352; x_wconf 88' lang='lat' dir='ltr'><strong>est,</strong></span> <span class='ocrx_word' id='word_1_13' title='bbox 466 303 555 340; x_wconf 87' lang='lat' dir='ltr'><strong>aut</strong></span> <span class='ocrx_word' id='word_1_14' title='bbox 564 308 829 355; x_wconf 80' lang='lat' dir='ltr'><strong>nusquam,</strong></span> <span class='ocrx_word' id='word_1_15' title='bbox 838 291 978 355; x_wconf 88' lang='lat' dir='ltr'><strong>quod</strong></span> <span class='ocrx_word' id='word_1_16' title='bbox 989 292 1272 354; x_wconf 83' lang='lat' dir='ltr'><strong>quaerimus:</strong></span> <span class='ocrx_word' id='word_1_17' title='bbox 1283 292 1366 339; x_wconf 89' lang='lat' dir='ltr'><strong>hic</strong></span> <span class='ocrx_word' id='word_1_18' title='bbox 1378 308 1519 340; x_wconf 83' lang='lat' dir='ltr'><strong>onus</strong></span> <span class='ocrx_word' id='word_1_19' title='bbox 1527 291 1692 352; x_wconf 71' lang='lat' dir='ltr'><strong>hamt,</strong></span> 
     </span>
     <span class='ocr_line' id='line_1_4' title="bbox 263 360 1386 428; baseline -0.001 -17"><span class='ocrx_word' id='word_1_20' title='bbox 263 365 335 412; x_wconf 86' lang='lat' dir='ltr'><strong>Ut</strong></span> <span class='ocrx_word' id='word_1_21' title='bbox 352 364 516 428; x_wconf 84' lang='lat' dir='ltr'><strong>parvis</strong></span> <span class='ocrx_word' id='word_1_22' title='bbox 533 365 709 410; x_wconf 88' lang='lat' dir='ltr'><strong>animis</strong></span> <span class='ocrx_word' id='word_1_23' title='bbox 728 374 778 411; x_wconf 93' lang='lat' dir='ltr'><strong>et</strong></span> <span class='ocrx_word' id='word_1_24' title='bbox 793 378 950 428; x_wconf 81' lang='lat' dir='ltr'><strong>parvo</strong></span> <span class='ocrx_word' id='word_1_25' title='bbox 968 378 1178 426; x_wconf 86' lang='lat' dir='ltr'><strong>corpore</strong></span> <span class='ocrx_word' id='word_1_26' title='bbox 1198 360 1386 423; x_wconf 83' lang='lat' dir='ltr'><strong>majus;</strong></span> 
     </span>
    </p>

    <p class='ocr_par' dir='ltr' id='par_1_4' title="bbox 260 434 1612 642">
     <span class='ocr_line' id='line_1_5' title="bbox 262 434 1612 499; baseline 0.001 -17"><span class='ocrx_word' id='word_1_27' title='bbox 262 435 356 482; x_wconf 85' lang='lat' dir='ltr'><strong>Hic</strong></span> <span class='ocrx_word' id='word_1_28' title='bbox 374 434 511 483; x_wconf 88' lang='lat' dir='ltr'><strong>subit</strong></span> <span class='ocrx_word' id='word_1_29' title='bbox 529 445 578 481; x_wconf 90' lang='lat' dir='ltr'><strong>et</strong></span> <span class='ocrx_word' id='word_1_30' title='bbox 596 434 797 499; x_wconf 72' lang='lat' dir='ltr'><strong>perfert·</strong></span> <span class='ocrx_word' id='word_1_31' title='bbox 827 436 936 481; x_wconf 81' lang='lat' dir='ltr'><strong>Aut</strong></span> <span class='ocrx_word' id='word_1_32' title='bbox 954 434 1112 481; x_wconf 82' lang='lat' dir='ltr'><strong>virtus</strong></span> <span class='ocrx_word' id='word_1_33' title='bbox 1130 449 1321 481; x_wconf 88' lang='lat' dir='ltr'><strong>nomen</strong></span> <span class='ocrx_word' id='word_1_34' title='bbox 1337 435 1490 482; x_wconf 87' lang='lat' dir='ltr'><strong>inane</strong></span> <span class='ocrx_word' id='word_1_35' title='bbox 1510 447 1612 496; x_wconf 72' lang='lat' dir='ltr'><strong>est,</strong></span> 
     </span>
     <span class='ocr_line' id='line_1_6' title="bbox 260 505 1536 569; baseline 0.001 -16"><span class='ocrx_word' id='word_1_36' title='bbox 260 505 369 555; x_wconf 75' lang='lat' dir='ltr'><strong>Aut</strong></span> <span class='ocrx_word' id='word_1_37' title='bbox 386 506 535 555; x_wconf 88' lang='lat' dir='ltr'><strong>decus</strong></span> <span class='ocrx_word' id='word_1_38' title='bbox 556 516 603 553; x_wconf 87' lang='lat' dir='ltr'><strong>et</strong></span> <span class='ocrx_word' id='word_1_39' title='bbox 621 506 838 569; x_wconf 85' lang='lat' dir='ltr'><strong>pretium</strong></span> <span class='ocrx_word' id='word_1_40' title='bbox 858 505 988 553; x_wconf 75' lang='lat' dir='ltr'><strong>recte</strong></span> <span class='ocrx_word' id='word_1_41' title='bbox 1008 505 1134 568; x_wconf 87' lang='lat' dir='ltr'><strong>petit</strong></span> <span class='ocrx_word' id='word_1_42' title='bbox 1155 505 1419 568; x_wconf 76' lang='lat' dir='ltr'><strong>experiens</strong></span> <span class='ocrx_word' id='word_1_43' title='bbox 1437 506 1536 554; x_wconf 84' lang='lat' dir='ltr'><strong>vir.</strong></span> 
     </span>
     <span class='ocr_line' id='line_1_7' title="bbox 261 575 1311 642; baseline -0.003 -17"><span class='ocrx_word' id='word_1_44' title='bbox 261 576 580 642; x_wconf 86' lang='lat' dir='ltr'><strong>Coram¹rege</strong></span> <span class='ocrx_word' id='word_1_45' title='bbox 599 575 687 625; x_wconf 71' lang='lat' dir='ltr'><strong>sua</strong></span> <span class='ocrx_word' id='word_1_46' title='bbox 708 576 768 623; x_wconf 89' lang='lat' dir='ltr'><strong>de</strong></span> <span class='ocrx_word' id='word_1_47' title='bbox 788 586 1076 641; x_wconf 83' lang='lat' dir='ltr'><strong>paupertate</strong></span> <span class='ocrx_word' id='word_1_48' title='bbox 1097 586 1311 623; x_wconf 77' lang='lat' dir='ltr'>tacentes</span> 
     </span>
    </p>

    <p class='ocr_par' dir='ltr' id='par_1_5' title="bbox 259 646 1589 785">
     <span class='ocr_line' id='line_1_8' title="bbox 259 646 1589 713; baseline 0 -17"><span class='ocrx_word' id='word_1_49' title='bbox 259 648 378 696; x_wconf 87' lang='lat' dir='ltr'><strong>Plus</strong></span> <span class='ocrx_word' id='word_1_50' title='bbox 396 660 632 713; x_wconf 85' lang='lat' dir='ltr'><strong>poscente</strong></span> <span class='ocrx_word' id='word_1_51' title='bbox 649 647 823 695; x_wconf 79' lang='lat' dir='ltr'><strong>ferent.</strong></span> <span class='ocrx_word' id='word_1_52' title='bbox 851 649 1038 705; x_wconf 83' lang='lat' dir='ltr'><strong>Distat,</strong></span> <span class='ocrx_word' id='word_1_53' title='bbox 1057 662 1286 693; x_wconf 77' lang='lat' dir='ltr'><strong>sumasne</strong></span> <span class='ocrx_word' id='word_1_54' title='bbox 1306 646 1589 711; x_wconf 84' lang='lat' dir='ltr'><strong>pudenter,</strong></span> 
     </span>
     <span class='ocr_line' id='line_1_9' title="bbox 259 717 1586 785; baseline -0.002 -15"><span class='ocrx_word' id='word_1_55' title='bbox 259 719 345 770; x_wconf 80' lang='lat' dir='ltr'><strong>An</strong></span> <span class='ocrx_word' id='word_1_56' title='bbox 362 720 545 785; x_wconf 77' lang='lat' dir='ltr'>rapias:</span> <span class='ocrx_word' id='word_1_57' title='bbox 565 720 705 783; x_wconf 84' lang='lat' dir='ltr'><strong>atqui</strong></span> <span class='ocrx_word' id='word_1_58' title='bbox 722 735 891 766; x_wconf 87' lang='lat' dir='ltr'><strong>rerum</strong></span> <span class='ocrx_word' id='word_1_59' title='bbox 909 728 1060 783; x_wconf 82' lang='lat' dir='ltr'><strong>caput</strong></span> <span class='ocrx_word' id='word_1_60' title='bbox 1077 717 1175 764; x_wconf 89' lang='lat' dir='ltr'><strong>hoc</strong></span> <span class='ocrx_word' id='word_1_61' title='bbox 1194 728 1322 778; x_wconf 86' lang='lat' dir='ltr'><strong>erat,</strong></span> <span class='ocrx_word' id='word_1_62' title='bbox 1340 719 1430 766; x_wconf 86' lang='lat' dir='ltr'><strong>hic</strong></span> <span class='ocrx_word' id='word_1_63' title='bbox 1449 719 1586 767; x_wconf 76' lang='lat' dir='ltr'><strong>fons.</strong></span> 
     </span>
    </p>

    <p class='ocr_par' dir='ltr' id='par_1_6' title="bbox 243 787 1476 853">
     <span class='ocr_line' id='line_1_10' title="bbox 243 787 1476 853; baseline -0.003 -14"><span class='ocrx_word' id='word_1_64' title='bbox 243 806 282 834; x_wconf 79' lang='grc' dir='ltr'>ἰ</span> <span class='ocrx_word' id='word_1_65' title='bbox 300 790 530 839; x_wconf 80' lang='lat' dir='ltr'><strong>Indotata</strong></span> <span class='ocrx_word' id='word_1_66' title='bbox 548 790 672 837; x_wconf 87' lang='lat' dir='ltr'><strong>mihi</strong></span> <span class='ocrx_word' id='word_1_67' title='bbox 690 806 833 837; x_wconf 88' lang='lat' dir='ltr'><strong>soror</strong></span> <span class='ocrx_word' id='word_1_68' title='bbox 850 798 951 849; x_wconf 86' lang='lat' dir='ltr'><strong>est,</strong></span> <span class='ocrx_word' id='word_1_69' title='bbox 967 787 1267 853; x_wconf 83' lang='lat' dir='ltr'><strong>paupercula</strong></span> <span class='ocrx_word' id='word_1_70' title='bbox 1286 800 1476 849; x_wconf 86' lang='lat' dir='ltr'><strong>mater,</strong></span> 
     </span>
    </p>

    <p class='ocr_par' dir='ltr' id='par_1_7' title="bbox 257 858 1625 995">
     <span class='ocr_line' id='line_1_11' title="bbox 257 858 1591 924; baseline -0.004 -15"><span class='ocrx_word' id='word_1_71' title='bbox 257 881 281 904; x_wconf 73' lang='grc' dir='ltr'><strong>α</strong></span> <span class='ocrx_word' id='word_1_72' title='bbox 303 862 364 909; x_wconf 86' lang='lat' dir='ltr'><strong>Et</strong></span> <span class='ocrx_word' id='word_1_73' title='bbox 384 861 573 909; x_wconf 80' lang='lat' dir='ltr'><strong>fundus</strong></span> <span class='ocrx_word' id='word_1_74' title='bbox 591 877 683 908; x_wconf 88' lang='lat' dir='ltr'><strong>nec</strong></span> <span class='ocrx_word' id='word_1_75' title='bbox 700 860 989 920; x_wconf 80' lang='lat' dir='ltr'><strong>vendibilis,</strong></span> <span class='ocrx_word' id='word_1_76' title='bbox 1008 875 1100 906; x_wconf 87' lang='lat' dir='ltr'><strong>nec</strong></span> <span class='ocrx_word' id='word_1_77' title='bbox 1118 875 1314 924; x_wconf 81' lang='lat' dir='ltr'><strong>pascere</strong></span> <span class='ocrx_word' id='word_1_78' title='bbox 1334 858 1547 919; x_wconf 78' lang='lat' dir='ltr'><strong>firmus,</strong></span> <span class='ocrx_word' id='word_1_79' title='bbox 1568 881 1591 903; x_wconf 73' lang='grc' dir='ltr'>ι</span> 
     </span>
     <span class='ocr_line' id='line_1_12' title="bbox 259 929 1625 995; baseline -0.001 -15"><span class='ocrx_word' id='word_1_80' title='bbox 259 930 365 995; x_wconf 87' lang='lat' dir='ltr'><strong>Qui</strong></span> <span class='ocrx_word' id='word_1_81' title='bbox 384 932 529 992; x_wconf 83' lang='lat' dir='ltr'><strong>dicit,</strong></span> <span class='ocrx_word' id='word_1_82' title='bbox 551 932 750 981; x_wconf 81' lang='lat' dir='ltr'><strong>clamat:</strong></span> <span class='ocrx_word' id='word_1_83' title='bbox 769 953 790 973; x_wconf 75' lang='grc' dir='ltr'>ι</span> <span class='ocrx_word' id='word_1_84' title='bbox 810 931 1017 979; x_wconf 82' lang='lat' dir='ltr'>Victum</span> <span class='ocrx_word' id='word_1_85' title='bbox 1039 929 1148 978; x_wconf 87' lang='lat' dir='ltr'><strong>date</strong></span> <span class='ocrx_word' id='word_1_86' title='bbox 1169 952 1206 977; x_wconf 71' lang='grc' dir='ltr'><strong>ιι.</strong></span> <span class='ocrx_word' id='word_1_87' title='bbox 1234 931 1464 979; x_wconf 88' lang='lat' dir='ltr'><strong>Succinit</strong></span> <span class='ocrx_word' id='word_1_88' title='bbox 1482 932 1625 980; x_wconf 83' lang='lat' dir='ltr'><strong>alter:</strong></span> 
     </span>
    </p>

    <p class='ocr_par' dir='ltr' id='par_1_8' title="bbox 257 1000 1479 1064">
     <span class='ocr_line' id='line_1_13' title="bbox 257 1000 1479 1064; baseline 0 -19"><span class='ocrx_word' id='word_1_89' title='bbox 257 1023 281 1045; x_wconf 67' lang='grc' dir='ltr'><strong>α</strong></span> <span class='ocrx_word' id='word_1_90' title='bbox 300 1003 364 1049; x_wconf 85' lang='lat' dir='ltr'><strong>Et</strong></span> <span class='ocrx_word' id='word_1_91' title='bbox 380 1004 506 1050; x_wconf 84' lang='lat' dir='ltr'><strong>mihi</strong></span> <span class='ocrx_word' id='word_1_92' title='bbox 524 1000 981 1050; x_wconf 79' lang='lat' dir='ltr'><strong>dividuo²flndetur</strong></span> <span class='ocrx_word' id='word_1_93' title='bbox 1001 1017 1206 1049; x_wconf 87' lang='lat' dir='ltr'><strong>munere</strong></span> <span class='ocrx_word' id='word_1_94' title='bbox 1223 1002 1434 1064; x_wconf 84' lang='lat' dir='ltr'><strong>quadra.</strong></span> <span class='ocrx_word' id='word_1_95' title='bbox 1455 1024 1479 1045; x_wconf 76' lang='grc' dir='ltr'><strong>ι-</strong></span> 
     </span>
    </p>

    <p class='ocr_par' dir='ltr' id='par_1_9' title="bbox 255 1071 1395 1136">
     <span class='ocr_line' id='line_1_14' title="bbox 255 1071 1395 1136; baseline -0.001 -15"><span class='ocrx_word' id='word_1_96' title='bbox 255 1072 355 1121; x_wconf 80' lang='lat' dir='ltr'><strong>Sed</strong></span> <span class='ocrx_word' id='word_1_97' title='bbox 373 1074 549 1120; x_wconf 83' lang='lat' dir='ltr'><strong>tacitus</strong></span> <span class='ocrx_word' id='word_1_98' title='bbox 566 1074 698 1136; x_wconf 88' lang='lat' dir='ltr'><strong>pasci</strong></span> <span class='ocrx_word' id='word_1_99' title='bbox 718 1073 761 1119; x_wconf 86' lang='lat' dir='ltr'><strong>si</strong></span> <span class='ocrx_word' id='word_1_100' title='bbox 775 1081 945 1136; x_wconf 86' lang='lat' dir='ltr'><strong>posset</strong></span> <span class='ocrx_word' id='word_1_101' title='bbox 962 1088 1168 1133; x_wconf 84' lang='lat' dir='ltr'><strong>corvus,</strong></span> <span class='ocrx_word' id='word_1_102' title='bbox 1184 1071 1395 1120; x_wconf 82' lang='lat' dir='ltr'><strong>haberet</strong></span> 
     </span>
    </p>

    <p class='ocr_par' dir='ltr' id='par_1_10' title="bbox 244 1142 1712 1634">
     <span class='ocr_line' id='line_1_15' title="bbox 252 1142 1498 1208; baseline 0 -16"><span class='ocrx_word' id='word_1_103' title='bbox 252 1143 374 1193; x_wconf 82' lang='lat' dir='ltr'><strong>Plus</strong></span> <span class='ocrx_word' id='word_1_104' title='bbox 391 1142 556 1208; x_wconf 84' lang='lat' dir='ltr'><strong>dapis,</strong></span> <span class='ocrx_word' id='word_1_105' title='bbox 571 1154 624 1190; x_wconf 86' lang='lat' dir='ltr'><strong>et</strong></span> <span class='ocrx_word' id='word_1_106' title='bbox 642 1144 761 1190; x_wconf 77' lang='lat' dir='ltr'><strong>rixae</strong></span> <span class='ocrx_word' id='word_1_107' title='bbox 780 1142 941 1191; x_wconf 73' lang='lat' dir='ltr'><strong>multo</strong></span> <span class='ocrx_word' id='word_1_108' title='bbox 958 1143 1152 1203; x_wconf 86' lang='lat' dir='ltr'><strong>minus,</strong></span> <span class='ocrx_word' id='word_1_109' title='bbox 1170 1143 1498 1208; x_wconf 63' lang='lat' dir='ltr'><strong>invidiaeque.</strong></span> 
     </span>
     <span class='ocr_line' id='line_1_16' title="bbox 252 1213 1677 1271; baseline -0.001 -7"><span class='ocrx_word' id='word_1_110' title='bbox 252 1213 601 1264; x_wconf 72' lang='lat' dir='ltr'><strong>Brundusium</strong></span> <span class='ocrx_word' id='word_1_111' title='bbox 615 1230 781 1263; x_wconf 86' lang='lat' dir='ltr'><strong>comes</strong></span> <span class='ocrx_word' id='word_1_112' title='bbox 800 1225 889 1262; x_wconf 89' lang='lat' dir='ltr'><strong>aut</strong></span> <span class='ocrx_word' id='word_1_113' title='bbox 907 1216 1203 1262; x_wconf 81' lang='lat' dir='ltr'><strong>Surrentum</strong></span> <span class='ocrx_word' id='word_1_114' title='bbox 1217 1213 1405 1263; x_wconf 87' lang='lat' dir='ltr'><strong>duetus</strong></span> <span class='ocrx_word' id='word_1_115' title='bbox 1422 1230 1677 1271; x_wconf 71' lang='lat' dir='ltr'><strong>amoenum,</strong></span> 
     </span>
     <span class='ocr_line' id='line_1_17' title="bbox 258 1285 1627 1350; baseline 0 -17"><span class='ocrx_word' id='word_1_116' title='bbox 258 1286 365 1348; x_wconf 87' lang='lat' dir='ltr'><strong>Qui</strong></span> <span class='ocrx_word' id='word_1_117' title='bbox 384 1286 613 1350; x_wconf 87' lang='lat' dir='ltr'><strong>queritur</strong></span> <span class='ocrx_word' id='word_1_118' title='bbox 631 1286 839 1334; x_wconf 75' lang='lat' dir='ltr'><strong>salebras</strong></span> <span class='ocrx_word' id='word_1_119' title='bbox 859 1297 910 1333; x_wconf 89' lang='lat' dir='ltr'><strong>et</strong></span> <span class='ocrx_word' id='word_1_120' title='bbox 928 1285 1159 1333; x_wconf 87' lang='lat' dir='ltr'><strong>acerbum</strong></span> <span class='ocrx_word' id='word_1_121' title='bbox 1177 1285 1334 1349; x_wconf 76' lang='lat' dir='ltr'><strong>frigus</strong></span> <span class='ocrx_word' id='word_1_122' title='bbox 1353 1297 1406 1333; x_wconf 87' lang='lat' dir='ltr'><strong>et</strong></span> <span class='ocrx_word' id='word_1_123' title='bbox 1426 1286 1627 1346; x_wconf 70' lang='lat' dir='ltr'><strong>imbroe,</strong></span> 
     </span>
     <span class='ocr_line' id='line_1_18' title="bbox 253 1356 1592 1421; baseline -0.001 -16"><span class='ocrx_word' id='word_1_124' title='bbox 253 1357 361 1405; x_wconf 81' lang='lat' dir='ltr'><strong>Aut</strong></span> <span class='ocrx_word' id='word_1_125' title='bbox 378 1358 548 1405; x_wconf 77' lang='lat' dir='ltr'><strong>cistam</strong></span> <span class='ocrx_word' id='word_1_126' title='bbox 569 1357 818 1405; x_wconf 79' lang='lat' dir='ltr'><strong>effractam</strong></span> <span class='ocrx_word' id='word_1_127' title='bbox 839 1368 927 1403; x_wconf 85' lang='lat' dir='ltr'><strong>aut</strong></span> <span class='ocrx_word' id='word_1_128' title='bbox 944 1356 1189 1404; x_wconf 87' lang='lat' dir='ltr'><strong>subducta</strong></span> <span class='ocrx_word' id='word_1_129' title='bbox 1205 1357 1384 1404; x_wconf 81' lang='lat' dir='ltr'><strong>viatica</strong></span> <span class='ocrx_word' id='word_1_130' title='bbox 1402 1359 1592 1421; x_wconf 78' lang='lat' dir='ltr'><strong>plorat,</strong></span> 
     </span>
     <span class='ocr_line' id='line_1_19' title="bbox 252 1418 1712 1492; baseline 0.001 -16"><span class='ocrx_word' id='word_1_131' title='bbox 252 1424 561 1477; x_wconf 83' lang='lat' dir='ltr'><strong>Nota³refert</strong></span> <span class='ocrx_word' id='word_1_132' title='bbox 580 1428 846 1475; x_wconf 87' lang='lat' dir='ltr'><strong>meretricis</strong></span> <span class='ocrx_word' id='word_1_133' title='bbox 864 1429 1113 1488; x_wconf 76' lang='lat' dir='ltr'><strong>acumina,</strong></span> <span class='ocrx_word' id='word_1_134' title='bbox 1134 1424 1544 1492; x_wconf 74' lang='lat' dir='ltr'><strong>saepe‘catellam,</strong></span> <span class='ocrx_word' id='word_1_135' title='bbox 1600 1418 1605 1426; x_wconf 27' lang='grc' dir='ltr'><strong>Δ</strong></span> <span class='ocrx_word' id='word_1_136' title='bbox 1711 1436 1712 1477; x_wconf 59' lang='lat'>1</span> 
     </span>
     <span class='ocr_line' id='line_1_20' title="bbox 244 1499 1523 1564; baseline 0.001 -16"><span class='ocrx_word' id='word_1_137' title='bbox 244 1499 390 1564; x_wconf 72' lang='lat' dir='ltr'><strong>Saepe</strong></span> <span class='ocrx_word' id='word_1_138' title='bbox 408 1500 745 1564; x_wconf 78' lang='lat' dir='ltr'><strong>periscelidem</strong></span> <span class='ocrx_word' id='word_1_139' title='bbox 766 1511 951 1564; x_wconf 86' lang='lat' dir='ltr'><strong>raptam</strong></span> <span class='ocrx_word' id='word_1_140' title='bbox 974 1500 1067 1547; x_wconf 88' lang='lat' dir='ltr'><strong>sibi</strong></span> <span class='ocrx_word' id='word_1_141' title='bbox 1084 1499 1271 1557; x_wconf 79' lang='lat' dir='ltr'><strong>flentis3</strong></span> <span class='ocrx_word' id='word_1_142' title='bbox 1296 1501 1376 1547; x_wconf 90' lang='lat' dir='ltr'><strong>uti</strong></span> <span class='ocrx_word' id='word_1_143' title='bbox 1395 1517 1523 1549; x_wconf 79' lang='lat' dir='ltr'><strong>mox</strong></span> 
     </span>
     <span class='ocr_line' id='line_1_21' title="bbox 249 1570 1448 1634; baseline -0.001 -14"><span class='ocrx_word' id='word_1_144' title='bbox 249 1571 400 1621; x_wconf 84' lang='lat' dir='ltr'><strong>Nulla</strong></span> <span class='ocrx_word' id='word_1_145' title='bbox 419 1570 542 1619; x_wconf 85' lang='lat' dir='ltr'><strong>fides</strong></span> <span class='ocrx_word' id='word_1_146' title='bbox 563 1571 754 1621; x_wconf 77' lang='lat' dir='ltr'><strong>damnis</strong></span> <span class='ocrx_word' id='word_1_147' title='bbox 771 1573 1001 1634; x_wconf 83' lang='lat' dir='ltr'><strong>verisque</strong></span> <span class='ocrx_word' id='word_1_148' title='bbox 1021 1571 1277 1623; x_wconf 82' lang='lat' dir='ltr'><strong>doloribus</strong></span> <span class='ocrx_word' id='word_1_149' title='bbox 1295 1571 1448 1619; x_wconf 79' lang='lat' dir='ltr'><strong>adsit.</strong></span> 
     </span>
    </p>

    <p class='ocr_par' dir='ltr' id='par_1_11' title="bbox 250 1642 1285 1692">
     <span class='ocr_line' id='line_1_22' title="bbox 250 1642 1285 1692; baseline -0.004 0"><span class='ocrx_word' id='word_1_150' title='bbox 250 1643 355 1692; x_wconf 84' lang='lat' dir='ltr'><strong>Nec</strong></span> <span class='ocrx_word' id='word_1_151' title='bbox 373 1643 523 1692; x_wconf 87' lang='lat' dir='ltr'><strong>semel</strong></span> <span class='ocrx_word' id='word_1_152' title='bbox 540 1644 712 1691; x_wconf 85' lang='lat' dir='ltr'><strong>irrisus</strong></span> <span class='ocrx_word' id='word_1_153' title='bbox 729 1643 889 1691; x_wconf 86' lang='lat' dir='ltr'><strong>triviis</strong></span> <span class='ocrx_word' id='word_1_154' title='bbox 908 1642 1127 1689; x_wconf 81' lang='lat' dir='ltr'><strong>attollere</strong></span> <span class='ocrx_word' id='word_1_155' title='bbox 1144 1652 1285 1689; x_wconf 87' lang='lat' dir='ltr'><strong>curat</strong></span> 
     </span>
    </p>

    <p class='ocr_par' dir='ltr' id='par_1_12' title="bbox 241 1707 1500 1994">
     <span class='ocr_line' id='line_1_23' title="bbox 246 1707 1500 1780; baseline 0.002 -20"><span class='ocrx_word' id='word_1_156' title='bbox 246 1711 422 1761; x_wconf 77' lang='lat' dir='ltr'><strong>Fracto</strong></span> <span class='ocrx_word' id='word_1_157' title='bbox 440 1711 843 1780; x_wconf 85' lang='lat' dir='ltr'><strong>crure⁵planum;</strong></span> <span class='ocrx_word' id='word_1_158' title='bbox 864 1714 981 1761; x_wconf 84' lang='lat' dir='ltr'><strong>licet</strong></span> <span class='ocrx_word' id='word_1_159' title='bbox 996 1712 1068 1759; x_wconf 87' lang='lat' dir='ltr'><strong>illi</strong></span> <span class='ocrx_word' id='word_1_160' title='bbox 1083 1707 1500 1776; x_wconf 76' lang='lat' dir='ltr'><strong>plurima‘manet</strong></span> 
     </span>
     <span class='ocr_line' id='line_1_24' title="bbox 245 1783 1455 1849; baseline -0.001 -17"><span class='ocrx_word' id='word_1_161' title='bbox 245 1786 508 1847; x_wconf 78' lang='lat' dir='ltr'><strong>Lacryma3</strong></span> <span class='ocrx_word' id='word_1_162' title='bbox 525 1802 614 1849; x_wconf 89' lang='lat' dir='ltr'><strong>per</strong></span> <span class='ocrx_word' id='word_1_163' title='bbox 632 1796 858 1833; x_wconf 87' lang='lat' dir='ltr'><strong>sanctum</strong></span> <span class='ocrx_word' id='word_1_164' title='bbox 877 1784 1070 1847; x_wconf 85' lang='lat' dir='ltr'><strong>juratus</strong></span> <span class='ocrx_word' id='word_1_165' title='bbox 1089 1783 1217 1831; x_wconf 78' lang='lat' dir='ltr'><strong>dicat</strong></span> <span class='ocrx_word' id='word_1_166' title='bbox 1235 1785 1455 1846; x_wconf 85' lang='lat' dir='ltr'><strong>Osirim,</strong></span> 
     </span>
     <span class='ocr_line' id='line_1_25' title="bbox 246 1853 1482 1915; baseline 0.002 -14"><span class='ocrx_word' id='word_1_167' title='bbox 246 1854 472 1915; x_wconf 84' lang='lat' dir='ltr'><strong>Credite,</strong></span> <span class='ocrx_word' id='word_1_168' title='bbox 490 1872 595 1903; x_wconf 87' lang='lat' dir='ltr'><strong>non</strong></span> <span class='ocrx_word' id='word_1_169' title='bbox 610 1857 760 1915; x_wconf 64' lang='lat' dir='ltr'><strong>ludog</strong></span> <span class='ocrx_word' id='word_1_170' title='bbox 778 1856 1027 1915; x_wconf 86' lang='lat' dir='ltr'><strong>crudeles,</strong></span> <span class='ocrx_word' id='word_1_171' title='bbox 1045 1853 1203 1902; x_wconf 87' lang='lat' dir='ltr'><strong>tollite</strong></span> <span class='ocrx_word' id='word_1_172' title='bbox 1220 1854 1482 1904; x_wconf 87' lang='lat' dir='ltr'><strong>claudum.</strong></span> 
     </span>
     <span class='ocr_line' id='line_1_26' title="bbox 241 1920 1425 1994; baseline 0.001 -20"><span class='ocrx_word' id='word_1_173' title='bbox 241 1920 794 1994; x_wconf 77' lang='lat' dir='ltr'><strong>Quaere⁷peregrinum,</strong></span> <span class='ocrx_word' id='word_1_174' title='bbox 814 1928 994 1975; x_wconf 81' lang='lat' dir='ltr'><strong>vicinia</strong></span> <span class='ocrx_word' id='word_1_175' title='bbox 1011 1941 1156 1974; x_wconf 84' lang='lat' dir='ltr'><strong>rauca</strong></span> <span class='ocrx_word' id='word_1_176' title='bbox 1175 1927 1425 1976; x_wconf 84' lang='lat' dir='ltr'><strong>reclamat.</strong></span> 
     </span>
    </p>
   </div>
   <div class='ocr_carea' id='block_1_3' title="bbox 233 2046 1661 2380">
    <p class='ocr_par' dir='ltr' id='par_1_13' title="bbox 241 2046 1661 2164">
     <span class='ocr_line' id='line_1_27' title="bbox 317 2046 1661 2116; baseline -0.001 -19"><span class='ocrx_word' id='word_1_177' title='bbox 317 2065 338 2097; x_wconf 86' lang='lat'>1</span> <span class='ocrx_word' id='word_1_178' title='bbox 371 2049 539 2095; x_wconf 84' lang='lat' dir='ltr'><strong>Coram</strong></span> <span class='ocrx_word' id='word_1_179' title='bbox 561 2049 711 2097; x_wconf 83' lang='lat' dir='ltr'><strong>amico</strong></span> <span class='ocrx_word' id='word_1_180' title='bbox 733 2064 818 2096; x_wconf 86' lang='lat' dir='ltr'><strong>suo</strong></span> <span class='ocrx_word' id='word_1_181' title='bbox 841 2065 928 2110; x_wconf 85' lang='lat' dir='ltr'><strong>po·</strong></span> <span class='ocrx_word' id='word_1_182' title='bbox 995 2049 1131 2116; x_wconf 60' lang='lat' dir='ltr'><strong>triyio</strong></span> <span class='ocrx_word' id='word_1_183' title='bbox 1146 2049 1236 2094; x_wconf 85' lang='lat' dir='ltr'><strong>sibi</strong></span> <span class='ocrx_word' id='word_1_184' title='bbox 1250 2063 1355 2094; x_wconf 85' lang='lat' dir='ltr'><strong>crus</strong></span> <span class='ocrx_word' id='word_1_185' title='bbox 1369 2046 1661 2097; x_wconf 55' lang='lat' dir='ltr'><strong>fractum-sse</strong></span> 
     </span>
     <span class='ocr_line' id='line_1_28' title="bbox 241 2116 1313 2164; baseline -0.004 0"><span class='ocrx_word' id='word_1_186' title='bbox 241 2118 455 2164; x_wconf 78' lang='lat' dir='ltr'><strong>tentiore.</strong></span> <span class='ocrx_word' id='word_1_187' title='bbox 994 2116 1313 2162; x_wconf 81' lang='lat' dir='ltr'><strong>mentiebatur.</strong></span> 
     </span>
    </p>

    <p class='ocr_par' dir='ltr' id='par_1_14' title="bbox 233 2177 1661 2380">
     <span class='ocr_line' id='line_1_29' title="bbox 326 2177 1661 2246; baseline -0.004 -15"><span class='ocrx_word' id='word_1_188' title='bbox 326 2198 359 2230; x_wconf 80' lang='lat'><em>2</em></span> <span class='ocrx_word' id='word_1_189' title='bbox 393 2184 773 2231; x_wconf 77' lang='lat' dir='ltr'><strong>communicetur</strong></span> <span class='ocrx_word' id='word_1_190' title='bbox 808 2177 927 2229; x_wconf 68' lang='lat' dir='ltr'><strong>inte&#39;r</strong></span> <span class='ocrx_word' id='word_1_191' title='bbox 1059 2183 1092 2229; x_wconf 91' lang='lat'>6</span> <span class='ocrx_word' id='word_1_192' title='bbox 1105 2184 1321 2236; x_wconf 67' lang='lat' dir='ltr'><strong>Effluet,</strong></span> <span class='ocrx_word' id='word_1_193' title='bbox 1336 2182 1389 2226; x_wconf 84' lang='lat' dir='ltr'><strong>id</strong></span> <span class='ocrx_word' id='word_1_194' title='bbox 1397 2191 1471 2228; x_wconf 88' lang='lat' dir='ltr'><strong>est</strong></span> <span class='ocrx_word' id='word_1_195' title='bbox 1480 2181 1661 2246; x_wconf 76' lang='lat' dir='ltr'><strong>quamvis</strong></span> 
     </span>
     <span class='ocr_line' id='line_1_30' title="bbox 238 2247 1659 2312; baseline -0.003 -14"><span class='ocrx_word' id='word_1_196' title='bbox 238 2267 324 2300; x_wconf 85' lang='lat' dir='ltr'><strong>nos</strong></span> <span class='ocrx_word' id='word_1_197' title='bbox 347 2251 547 2311; x_wconf 79' lang='lat' dir='ltr'><strong>quadra,</strong></span> <span class='ocrx_word' id='word_1_198' title='bbox 584 2252 637 2301; x_wconf 76' lang='lat' dir='ltr'><strong>id</strong></span> <span class='ocrx_word' id='word_1_199' title='bbox 668 2260 736 2297; x_wconf 85' lang='lat' dir='ltr'><strong>est</strong></span> <span class='ocrx_word' id='word_1_200' title='bbox 763 2260 927 2312; x_wconf 69' lang='lat' dir='ltr'><strong>quarta</strong></span> <span class='ocrx_word' id='word_1_201' title='bbox 991 2247 1069 2295; x_wconf 88' lang='lat' dir='ltr'><strong>ille</strong></span> <span class='ocrx_word' id='word_1_202' title='bbox 1087 2249 1251 2310; x_wconf 85' lang='lat' dir='ltr'><strong>planus</strong></span> <span class='ocrx_word' id='word_1_203' title='bbox 1266 2247 1451 2295; x_wconf 81' lang='lat' dir='ltr'><strong>affatim</strong></span> <span class='ocrx_word' id='word_1_204' title='bbox 1465 2251 1659 2311; x_wconf 70' lang='lat' dir='ltr'><strong>lacryme-</strong></span> 
     </span>
     <span class='ocr_line' id='line_1_31' title="bbox 233 2317 1082 2380; baseline -0.002 -17"><span class='ocrx_word' id='word_1_205' title='bbox 233 2331 342 2380; x_wconf 85' lang='lat' dir='ltr'><strong>pars</strong></span> <span class='ocrx_word' id='word_1_206' title='bbox 361 2321 520 2379; x_wconf 85' lang='lat' dir='ltr'><strong>panis,</strong></span> <span class='ocrx_word' id='word_1_207' title='bbox 536 2333 726 2364; x_wconf 84' lang='lat' dir='ltr'><strong>munere</strong></span> <span class='ocrx_word' id='word_1_208' title='bbox 745 2317 907 2363; x_wconf 83' lang='lat' dir='ltr'><strong>diviso.</strong></span> <span class='ocrx_word' id='word_1_209' title='bbox 989 2324 1082 2361; x_wconf 80' lang='lat' dir='ltr'><strong>tur.</strong></span> 
     </span>
    </p>
   </div>
   <div class='ocr_carea' id='block_1_4' title="bbox 230 2381 1660 2640">
    <p class='ocr_par' dir='ltr' id='par_1_15' title="bbox 230 2381 1660 2640">
     <span class='ocr_line' id='line_1_32' title="bbox 305 2381 1659 2443; baseline -0.004 -12"><span class='ocrx_word' id='word_1_210' title='bbox 305 2386 334 2431; x_wconf 81' lang='lat'>3</span> <span class='ocrx_word' id='word_1_211' title='bbox 355 2387 562 2431; x_wconf 85' lang='lat' dir='ltr'><strong>Imitatur</strong></span> <span class='ocrx_word' id='word_1_212' title='bbox 576 2385 760 2431; x_wconf 72' lang='lat' dir='ltr'><strong>asmtius</strong></span> <span class='ocrx_word' id='word_1_213' title='bbox 779 2399 926 2429; x_wconf 84' lang='lat' dir='ltr'><strong>mere-</strong></span> <span class='ocrx_word' id='word_1_214' title='bbox 1055 2398 1086 2443; x_wconf 91' lang='lat'>7</span> <span class='ocrx_word' id='word_1_215' title='bbox 1115 2383 1268 2428; x_wconf 74' lang='lat' dir='ltr'><strong>vicini</strong></span> <span class='ocrx_word' id='word_1_216' title='bbox 1293 2381 1451 2429; x_wconf 87' lang='lat' dir='ltr'><strong>multo</strong></span> <span class='ocrx_word' id='word_1_217' title='bbox 1480 2384 1659 2430; x_wconf 71' lang='lat' dir='ltr'><strong>clamem</strong></span> 
     </span>
     <span class='ocr_line' id='line_1_33' title="bbox 230 2449 1659 2512; baseline -0.002 -19"><span class='ocrx_word' id='word_1_218' title='bbox 230 2450 373 2496; x_wconf 76' lang='lat' dir='ltr'><strong>tricis.</strong></span> <span class='ocrx_word' id='word_1_219' title='bbox 985 2450 1115 2494; x_wconf 87' lang='lat' dir='ltr'><strong>rauci</strong></span> <span class='ocrx_word' id='word_1_220' title='bbox 1143 2449 1396 2495; x_wconf 86' lang='lat' dir='ltr'><strong>reclamant</strong></span> <span class='ocrx_word' id='word_1_221' title='bbox 1425 2450 1497 2496; x_wconf 85' lang='lat' dir='ltr'><strong>illi</strong></span> <span class='ocrx_word' id='word_1_222' title='bbox 1520 2452 1659 2512; x_wconf 79' lang='lat' dir='ltr'><strong>plano:</strong></span> 
     </span>
     <span class='ocr_line' id='line_1_34' title="bbox 298 2512 1660 2579; baseline 0.001 -20"><span class='ocrx_word' id='word_1_223' title='bbox 298 2519 331 2565; x_wconf 72' lang='grc'><em>4</em></span> <span class='ocrx_word' id='word_1_224' title='bbox 363 2512 540 2560; x_wconf 86' lang='lat' dir='ltr'><strong>Monile</strong></span> <span class='ocrx_word' id='word_1_225' title='bbox 562 2515 810 2561; x_wconf 83' lang='lat' dir='ltr'><strong>muliebre.</strong></span> <span class='ocrx_word' id='word_1_226' title='bbox 840 2516 920 2560; x_wconf 83' lang='lat' dir='ltr'><strong>Est</strong></span> <span class='ocrx_word' id='word_1_227' title='bbox 985 2517 1151 2573; x_wconf 83' lang='lat' dir='ltr'><strong>Quaere</strong></span> <span class='ocrx_word' id='word_1_228' title='bbox 1161 2516 1469 2576; x_wconf 80' lang='lat' dir='ltr'><strong>peregrinum</strong></span> <span class='ocrx_word' id='word_1_229' title='bbox 1482 2519 1660 2579; x_wconf 81' lang='lat' dir='ltr'><strong>aliquem</strong></span> 
     </span>
     <span class='ocr_line' id='line_1_35' title="bbox 231 2575 1659 2640; baseline 0.004 -18"><span class='ocrx_word' id='word_1_230' title='bbox 231 2575 554 2624; x_wconf 79' lang='lat' dir='ltr'><strong>diminutivum</strong></span> <span class='ocrx_word' id='word_1_231' title='bbox 574 2596 600 2623; x_wconf 91' lang='lat' dir='ltr'><strong>a</strong></span> <span class='ocrx_word' id='word_1_232' title='bbox 620 2579 793 2625; x_wconf 65' lang='lat' dir='ltr'><strong>catena.</strong></span> <span class='ocrx_word' id='word_1_233' title='bbox 977 2583 1069 2640; x_wconf 74' lang='lat' dir='ltr'><strong>qui</strong></span> <span class='ocrx_word' id='word_1_234' title='bbox 1102 2581 1290 2629; x_wconf 70' lang='lat' dir='ltr'><strong>fraude·</strong></span> <span class='ocrx_word' id='word_1_235' title='bbox 1328 2592 1434 2630; x_wconf 76' lang='lat' dir='ltr'><strong>tuas</strong></span> <span class='ocrx_word' id='word_1_236' title='bbox 1467 2601 1563 2637; x_wconf 83' lang='lat' dir='ltr'><strong>uon</strong></span> <span class='ocrx_word' id='word_1_237' title='bbox 1593 2584 1659 2629; x_wconf 81' lang='grc' dir='ltr'><strong>ιιὸ-</strong></span> 
     </span>
    </p>
   </div>
   <div class='ocr_carea' id='block_1_5' title="bbox 299 2642 1058 2708">
    <p class='ocr_par' dir='ltr' id='par_1_16' title="bbox 299 2642 1058 2708">
     <span class='ocr_line' id='line_1_36' title="bbox 299 2642 1058 2708; baseline 0.008 -21"><span class='ocrx_word' id='word_1_238' title='bbox 299 2642 327 2688; x_wconf 83' lang='grc'><strong><em>5</em></strong></span> <span class='ocrx_word' id='word_1_239' title='bbox 372 2644 682 2706; x_wconf 74' lang='lat' dir='ltr'><strong>Impostorem</strong></span> <span class='ocrx_word' id='word_1_240' title='bbox 698 2678 711 2699; x_wconf 85' lang='lat'>‚</span> <span class='ocrx_word' id='word_1_241' title='bbox 748 2646 832 2708; x_wconf 89' lang='lat' dir='ltr'><strong>qui</strong></span> <span class='ocrx_word' id='word_1_242' title='bbox 867 2647 918 2693; x_wconf 85' lang='lat' dir='ltr'><strong>iu</strong></span> <span class='ocrx_word' id='word_1_243' title='bbox 983 2648 1058 2693; x_wconf 83' lang='lat' dir='ltr'><strong>rit.</strong></span> 
     </span>
    </p>
   </div>
  </div>
 </body>
</html>
