1747 2988
499 127 656 182 'Ans
691 132 1067 199 ΡοΕΤιοΑ.
1401 138 1500 186 ,85

73 224 189 272 Haec
205 210 331 271 amat
348 219 647 281 obscurum3
668 221 805 270 volet
819 221 927 275 haec
943 221 1037 270 sub
1056 220 1169 270 luce
1186 222 1371 285 videri,

73 297 108 342 J
111 293 263 342 udicis
279 304 511 358 argutum
531 308 644 357 quae
662 308 768 340 uon
785 292 1273 341 formidat'acumen:

74 367 190 413 H'aec
206 364 388 428 placuit
406 364 555 412 semel
568 396 586 426 .,
599 363 706 411 haec
719 363 886 412 decies
906 364 1115 433 repetita
1130 365 1357 429 placebit.

74 438 123 485 Ο
146 435 295 498 major
310 434 552 497 juvenum
564 467 583 495 ‚
600 435 829 499 quamvis
845 445 896 482 et
912 450 1034 483 voce
1051 434 1253 499 paterna

72 501 375 570 Fingeris⁶ad
392 516 614 565 rectum«,
631 516 681 553 et
698 521 788 569 per
807 516 856 553 te
872 506 1001 570 sapis
1012 538 1029 565 ‚
1046 506 1145 554 hoc
1164 505 1256 553 tibi
1277 501 1469 556 dictum

74 576 214 626 Tolle
231 590 443 625 memor:
466 572 611 626 certis
633 575 856 624 medium
876 587 926 625 et
945 575 1193 642 tolerabile
1210 577 1360 626 rebus

71 647 226 696 Recte
242 646 461 699 concedi.
487 647 928 710 consultusjuris,
939 658 996 706 et
1013 657 1153 696 actor

74 719 346 768 Causarum
365 717 625 766 mediocris
636 752 653 778 .,
670 717 807 767 abest
825 719 1012 767 virtute
1031 718 1201 766 diserti

72 788 316 848 Messalae,
333 804 425 837 uec
442 789 534 837 scit
552 787 799 852 quantum
820 788 1081 837 Cascellius
1101 789 1292 848 Aulus3

72 860 174 910 Sed
192 870 353 907 tamen
369 861 424 907 iu
442 861 607 924 pretio
626 869 699 906 est
712 855 1088 909 :⁷mediocribus
1104 876 1206 908 esse
1223 861 1385 924 poetis

71 933 194 981 Nou
209 930 463 991 homiues,
479 946 588 978 nou
604 930 668 977 Di
679 962 697 990 ‚
712 946 817 978 nou
835 927 1401 979 concessere⁸columnae.

69 1004 147 1051 Ut
164 1011 319 1066 gratas
336 1002 467 1049 inter
484 1016 676 1048 mensas
693 1000 992 1065 symphonia
1010 1001 1221 1061 discors,
1259 998 1265 1005 “

72 1073 138 1120 Et
157 1088 371 1119 crassum
392 1082 732 1136 ung-uentum,
750 1083 800 1120 et
815 1072 975 1121 Sardo
994 1088 1109 1120 cum
1131 1073 1272 1120 melle
1292 1089 1508 1140 papaver

71 1142 381 1202 Offendunt,
399 1152 596 1207 poterat
607 1142 729 1189 {duci
748 1144 863 1205 quia
883 1158 1020 1190 coena
1038 1144 1142 1190 sine
1160 1143 1291 1201 istis;

69 1215 156 1263 Sic
175 1213 350 1260 animis
369 1224 542 1260 uatum
560 1213 925 1277 inventumque
942 1215 1118 1275 poema
1135 1212 1396 1275 juvandis,

68 1286 125 1335 Si
145 1282 349 1348 paulum
367 1298 395 1329 a
414 1297 615 1331 summo
633 1281 880 1342 discessit,
897 1282 1055 1346 vergit
1070 1284 1164 1331 ad
1150 1300 1324 1332 uuum.

63 1354 265 1403 Ludere
284 1355 371 1418 qui
388 1353 569 1412 nescit,
587 1354 946 1417 campestribus
965 1354 1180 1403 abstinet
1196 1357 1371 1418 armis,
1425 1404 1435 1416 ,

64 1405 413 1488 Indoctusque
429 1424 542 1488 pilae
560 1424 743 1472 discive
763 1425 988 1473 trochive
1006 1426 1239 1489 quiescit,

66 1499 153 1549 Ne
171 1497 334 1560 spissae
354 1497 508 1544 risum
529 1497 738 1544 tollant
723 1497 931 1561 impune
950 1510 1169 1545 coronae:

68 1568 181 1632 Qui
199 1564 381 1627 nescit,
398 1582 569 1615 versus
589 1578 752 1615 tamen
769 1568 922 1616 audet
938 1566 1145 1632 fingere!
1168 1595 1239 1605 ·-
1258 1568 1484 1629 Quidni?

62 1638 221 1689 Liber
240 1647 288 1684 et
306 1638 576 1702 ingenuus,
594 1635 890 1702 praesertim⁹
893 1654 1070 1686 census
1087 1650 1366 1703 equestrem

65 1713 331 1760 Summam
349 1724 699 1768 nummorum,
715 1711 941 1773 vitioque
958 1721 1178 1772 remotus
1196 1710 1257 1757 ab
1271 1711 1426 1760 οιιιιιί.
1435 1737 1509 1747 ——

66 1782 156 1829 Tu
174 1778 333 1827 nihil
318 1778 474 1827 iuvita
494 1779 624 1826 dices
642 1779 850 1827 faciesve
867 1768 1119 1827 Minerva·
1106 1816 1120 1839 ‚

61 1850 131 1900 Id
150 1849 243 1897 tibi
259 1849 505 1912 judicium
523 1861 624 1910 est,
641 1866 696 1898 ea
717 1867 881 1898 mens:
904 1852 947 1897 si
965 1851 1090 1915 quid
1107 1861 1274 1900 tamen
1292 1853 1413 1901 olim

65 1921 337 1985 scripseris
348 1953 365 1980 ‚
381 1922 437 1969 in
454 1921 599 1968 Metii
618 1921 882 1986 descendat
894 1921 1077 1986 judicis
1096 1937 1264 1983 aures,

62 1992 135 2039 Et
148 1991 332 2056 patris,
346 2002 395 2038 et
403 1993 639 2051 nostras3¹
651 1993 969 2056 “nouumque
977 1995 1512 2057 prematurinaunuma

64 2060 403 2116 Membranis!
419 2062 575 2110 'intus
591 2064 792 2126 positis,
812 2063 974 2122 delere
992 2064 1160 2112 licebit
1189 2093 1194 2094 ν

64 2132 234 2197 Quod
251 2148 358 2179 uon
375 2132 612 2191 edideris,
598 2150 610 2161 ·
630 2135 786 2182 nescit
804 2149 908 2181 vox
924 2135 1068 2182 missa
1085 2136 1284 2183 reverti.

135 2255 171 2302 6
189 2253 488 2302 Confirmat-is
507 2255 568 2301 ad
584 2265 758 2303 rectam
824 2257 895 2301 uis
922 2257 1257 2321 quadringenta
1283 2258 1425 2305 millia
1452 2274 1511 2305 ae—

60 2323 282 2386 poetices
300 2322 616 2369 imitationem.
825 2324 905 2368 ris.

138 2403 168 2447 7
189 2388 392 2444 Verum,
417 2398 469 2434 ut
493 2392 644 2450 poe'tae
673 2391 763 2435 sint
901 2404 960 2436 10
983 2390 1036 2435 Iu
1054 2389 1222 2437 multos
1241 2406 1387 2437 annos
1403 2407 1513 2451 sup-

58 2454 334 2503 mediocres
347 2487 361 2510 ‚
395 2470 493 2502 uon
522 2456 760 2511 homiues,
829 2456 1083 2516 primatur,
1114 2467 1167 2503 ut
1196 2459 1372 2503 acriore
1401 2457 1515 2504 lima

61 2538 193 2576 non,
215 2530 306 2567 etc.
832 2525 1102 2585 corrigatur.

135 2589 168 2634 8
206 2587 448 2634 Columnae
477 2589 537 2634 ad
563 2603 677 2650 quas
707 2588 764 2634 li·
903 2604 955 2635 11
989 2591 1036 2636 si
1055 2590 1199 2636 libros
1218 2589 1346 2637 domi
1366 2592 1514 2637 conti-

57 2655 141 2702 bri
160 2656 472 2716 prostiteruut
487 2656 685 2703 venales.
829 2671 964 2720 neas,
978 2672 1039 2703 ne
1052 2656 1176 2704 foras
1187 2667 1370 2704 exeant.

72 2743 75 2748 ·
132 2722 767 2790 9chertushabereinbo·
1083 2771 1086 2774 ,
1136 2735 1148 2766 κ
