1747 2988
508 133 664 183 Ans
703 128 1081 204 PozrrcA.

1411 139 1512 200 275

64 226 389 274 Mercatorne
404 239 586 288 vagus,
606 212 837 273 cultorne
853 226 1060 274 virentis
1078 225 1240 291 agelli3
1380 258 1383 264 ι

68 295 323 356 Colchus,
342 311 406 342 an
422 295 679 359 Assyrius3
699 294 885 343 Thebis
903 297 1127 345 nutritus
1136 296 1439 361 „anArgisae

70 368 185 415 Aut
202 367 380 413 famam
400 381 631 429 sequere,
648 376 738 415 aut
754 366 850 414 sibi
863 368 1210 415 convenientia
1229 365 1387 433 finge,
1469 412 1474 416 .

72 437 316 500 scriptor.
344 438 662 487 Honoratum
682 437 723 485 si
739 437 867 486 forte
886 439 1087 502 reponis
1105 438 1375 501 Achillem,

67 509 292 574 Impiger
301 542 318 569 ‚
336 508 607 557 iracundus
615 541 633 568 ‚
654 509 973 559 inexorabilis
984 542 1001 570 ‚
1019 525 1129 557 acer
1138 543 1156 570 ‚

71 582 108 625 J
112 576 376 643 ura⁸neget
393 579 489 628 sihi
506 590 620 629 nata
630 613 649 640 ‚
663 579 794 628 nihil
810 597 918 633 non
934 592 1131 646 ‘arroget
1146 582 1318 629 armis:

71 651 153 698 Sit
171 649 348 698 Medea
366 651 509 700 ferox
525 652 837 715 invictaque,
856 651 1032 700 flebilis
1049 655 1172 714 Ino,
1243 648 1244 651 '

72 720 305 770 Perfidus
322 723 495 783 Ixion,
513 726 568 770 Io
588 739 732 787 vaga,
754 724 908 771 tristis
927 724 1143 772 Orestes.

73 793 130 840 Si
153 789 622 857 quid⁹inexpertum
636 810 800 842 scenae
818 794 1118 853 committis,
1137 805 1187 842 et
1204 789 1357 843 audes

71 868 347 919 Personam
365 864 579 913 formare
598 880 805 925 novam,
824 876 1050 913 servetur
1068 865 1130 912 ad
1147 866 1309 914 imum

75 935 265 996 Qualis,
276 935 338 982 ab
356 937 559 998 incepto
577 937 898 999 Processerit,
920 947 970 984 et
987 936 1082 987 sibi
1100 942 1310 985 constet.

74 1004 317 1054 Difficile¹
328 1005 426 1054 ⁶est
441 1007 645 1070 proprie
661 1009 949 1056 communia
966 1007 1150 1057 dicere:
1173 1018 1331 1072 tuque

73 1075 287 1125 Rectius
306 1077 508 1125 Iliacum
528 1094 725 1126 carmen
742 1078 945 1127 deducis
962 1079 1017 1127 in
1036 1090 1201 1138 actus,

75 1146 249 1208 Quem
269 1149 312 1195 si
327 1148 575 1212 proferres
592 1149 759 1213 ignota
780 1150 1069 1212 indictaque
1086 1151 1296 1213 primus.

74 1219 304 1266 Publica¹
319 1219 565 1267 'materies
582 1220 767 1281 privati
783 1219 910 1281 juris
928 1219 1067 1278 erit‚¹
1079 1220 1146 1267 ²si

56 1282 184 1338 'Nec
203 1291 330 1337 circa
342 1289 498 1336 ‘vilem
515 1289 847 1352 patulumque
864 1289 1136 1337 moraberis
1156 1288 1353 1348 orbem3

73 1361 184 1428 ‘Ne’c
204 1361 418 1408 verbum
436 1359 591 1407 verbo
611 1360 806 1408 curabis
825 1361 1057 1420 reddere,
1078 1359 1213 1408 fidus

72 1434 354 1496 Interpres;
364 1431 375 1453 ¹
386 1429 500 1478 ³n'ec
521 1431 710 1479 desilies
727 1433 950 1480 imitator
967 1432 1023 1479 in
1040 1443 1261 1491 aretum,
1287 1486 1295 1496 ,

75 1504 228 1552 Unde
245 1504 424 1566 pedem
441 1503 663 1568 proferre
680 1504 850 1568 pudor
867 1513 1028 1563 vetet,
1048 1515 1139 1551 aut
1155 1504 1319 1568 operis
1338 1503 1433 1551 lex.

74 1575 187 1623 Nec
205 1575 274 1620 sic
292 1576 521 1639 incipies,
544 1574 620 1626 ut'
632 1570 868 1638 ‘scriptor
885 1575 1103 1639 cyclicus
1120 1575 1266 1623 olim:

50 1663 62 1671 -
74 1649 107 1688 «ι’
122 1648 396 1694 Fortunam
414 1646 595 1695 Priami
616 1645 826 1695 cantabo
845 1658 898 1694 et
916 1645 1087 1695 nobile
1105 1641 1294 1693 bellum
1314 1666 1352 1692 ».

162 1783 194 1828 8
232 1783 301 1829 Sit
334 1784 490 1844 legum
526 1793 768 1844 contemp·-

75 1860 171 1898 tor.
504 1889 509 1892 ,
562 1887 567 1894 ,
592 1871 595 1876 -

150 1932 185 1978 9
197 1916 271 1962 Ab
281 1916 377 1963 aliis
391 1918 540 1979 poetis
549 1934 645 1963 non
654 1928 770 1963 trac·

77 1994 243 2032 tatum.

157 2063 218 2097 ιο
244 2048 446 2095 Difficile
469 2059 537 2095 est
559 2066 772 2096 commu-

77 2120 183 2173 nia,
201 2116 252 2162 id
273 2127 342 2162 est
359 2111 629 2177 argumenta
641 2116 773 2162 fabu-

79 2184 256 2238 larum,
272 2199 300 2228 a
312 2182 442 2228 nullo
453 2192 558 2227 ante
568 2193 771 2238 tractata,

79 2256 150 2299 ita
164 2249 356 2313 proprie
370 2249 551 2305 dicere,
563 2250 614 2294 id
628 2258 696 2294 est
709 2251 773 2295 ita

82 2316 310 2382 praeclare
336 2317 562 2371 scribere,
587 2325 640 2362 ut
663 2331 772 2376 pro·

57 2444 64 2451 ⁶
80 2384 188 2452 prie
204 2394 297 2430 tue
292 2385 403 2444 jure
421 2384 517 2430 dici
533 2385 724 2447 possint.

28 2447 35 2454 ’
160 2468 214 2499 ιι
252 2452 585 2513 Argumentum
603 2449 664 2496 ab
681 2450 773 2495 alio

83 2519 404 2582 publicatum,
418 2518 494 2562 vel
506 2527 773 2583 tractatum,
830 2531 842 2542 ·

85 2598 220 2633 tuum
238 2585 498 2645 putabitur,
517 2586 578 2639 si,
597 2578 685 2629 etc.

161 2670 180 2700 1
190 2667 221 2698 2
240 2653 289 2697 Si
305 2666 401 2696 non
414 2647 636 2697 haerebis'
623 2666 672 2696 ιιι
686 2650 773 2695 cir-

89 2720 199 2767 culo
237 2718 454 2766 omuibus
498 2726 684 2781 patente
730 2725 777 2764 et

835 1787 1134 1845 contempto,
1158 1782 1210 1829 id
1237 1792 1306 1829 est
1328 1784 1364 1829 si
1388 1791 1516 1827 tuum

835 1861 1100 1906 auctorem,
1136 1865 1278 1911 quem
1307 1850 1519 1902 imitaris,

833 1934 931 1963 non
958 1918 1163 1979 sequeris
1188 1917 1254 1961 ita
1271 1916 1523 1983 religiose,

834 1994 887 2030 ut
903 1985 1019 2030 nihil
1039 1984 1181 2030 addas
1200 1982 1259 2028 de
1278 1992 1386 2038 tuo,
1406 1982 1521 2028 nihil

805 2106 811 2110 ¹
835 2053 1064 2120 invenias,
1082 2047 1197 2095 nihil
1214 2051 1443 2095 immutes.

902 2121 930 2161 ἰ
942 2117 969 2161 3
996 2117 1052 2160 Et
1070 2118 1107 2161 si
1127 2127 1178 2162 tu
1190 2147 1203 2167 ‚
1221 2118 1301 2175 qui
1320 2117 1521 2160 imitator

838 2199 912 2237 es,
938 2197 1035 2228 non
1064 2182 1283 2241 conjicies
1309 2192 1355 2228 te
1382 2184 1429 2227 in
1452 2180 1522 2227 lo«

839 2265 948 2295 cum
976 2258 1069 2294 tam
1100 2258 1367 2311 angustum,
1395 2248 1522 2295 unde

838 2326 886 2363 te
922 2316 1155 2376 explicare
1199 2315 1389 2362 honeste
1425 2331 1522 2361 non

837 2384 986 2443 possis
1001 2384 1098 2428 sine
1110 2382 1292 2443 pudore
1307 2391 1352 2428 et
1369 2397 1523 2443 repre·

839 2450 1075 2495 hensione.

913 2520 971 2567 ιά
987 2517 1051 2560 Ut
1066 2519 1205 2576 poeta
1226 2514 1524 2561 circumfora-

838 2598 954 2628 neus
963 2615 978 2638 ‚
991 2583 1095 2643 qui,
1109 2584 1158 2628 in
1172 2582 1501 2628 conventiculis
1512 2615 1525 2637 ‚

840 2650 1109 2695 hominibus
1132 2665 1239 2695 suos
1260 2664 1417 2694 versus
1441 2647 1517 2694 ob·

841 2715 989 2764 trudit
1006 2719 1055 2764 in
1074 2716 1237 2765 orbem
1256 2716 1442 2763 coactis.
