1747 2988
380 88 982 139 EPISTOLARUM
1019 93 1168 141 LIB.
1208 95 1249 141 1.
1439 112 1538 161 229

63 176 266 227 Nescit
285 176 586 240 Aquinatem
605 180 827 243 potantia
845 180 1026 228 vellera
1045 180 1244 242 fucum,

65 250 296 298 certius
316 251 520 312 accipiet
540 250 781 298 damnum
800 253 1074 315 propiusve
1095 253 1323 301 medullis
1335 287 1357 314 ‚

63 319 263 382 Quam
286 322 496 384 quinon
516 322 701 385 poterit
719 337 839 368 vero
859 322 1161 387 distinguere
1182 324 1376 372 falsum.

62 395 259 454 Quem
279 407 357 439 res
373 393 489 455 plus
508 393 665 441 nimie
680 392 979 440 delectavere
999 394 1254 455 secundae,

62 465 302 513 Mutatae
321 465 571 526 quatient.v
590 465 642 512 Si
660 463 785 527 quid
803 465 1068 525 mirabere,
1084 482 1243 529 pones

63 533 311 583 Invitus.
340 536 694 599 Fugeffnagna3
713 536 828 583 licet
847 536 943 584 sub
962 552 1181 600 paupere
1204 548 1337 585 tecto

58 607 249 668 Reges
268 617 319 652 et
336 616 509 669 regum
527 605 628 654 vita
647 622 948 669 praecurrere
966 608 1165 655 amicos.

62 679 280 728 Cervus
299 692 488 740 equum
506 678 672 741 pugna
684 677 864 725 melior
881 678 1236 726 communibus
1254 678 1423 727 herbis

55 748 335 807 Pellebat,
353 747 512 795 donec
532 748 694 795 minor
712 748 767 795 in
784 750 1050 797 certamine
1067 750 1220 814 longo

56 819 385 884 Inaploravit
403 835 522 881 opes
540 818 762 866 hbminis
775 851 791 879 ‚
810 820 1122 884 fraenumque
1141 823 1351 885 recepit:

59 891 182 941 Sed
194 923 212 950 .,
231 899 502 954 postquam
519 891 682 937 victor
697 891 892 938 violens
910 891 1130 938 discessit
1148 892 1210 940 ab
1229 892 1402 954 hoste,

56 963 207 1013 Non
225 961 447 1024 equitem
467 959 644 1022 dorso,
660 978 766 1009 non
784 961 997 1010 fraenum
1020 963 1213 1028 depulit
1231 980 1335 1011 ore.

58 1036 157 1085 Sic
182 1033 304 1095 qui,
322 1033 608 1096 pauperiem
629 1033 841 1095 veritus,
857 1035 1055 1098 potiore
1074 1035 1283 1083 metallis

57 1105 339 1154 Libertate
358 1113 513 1163 caret,
534 1103 795 1151 dominum
816 1106 968 1153 vehet
985 1105 1275 1170 improbus,
1294 1117 1443 1171 atque

55 1176 279 1226 Serviet
297 1172 564 1234 aeternum,
582 1176 698 1238 quia
717 1192 871 1239 parvo
890 1179 1076 1223 nesciet
1095 1179 1191 1224 uti.

55 1248 179 1299 Cui
204 1261 313 1293 non
330 1247 596 1292 conveniet
612 1262 701 1292 sua
721 1262 841 1313 res,
843 1256 902 1293 ut
920 1248 1111 1293 calceus
1131 1247 1253 1294 olim
1265 1279 1284 1305 ‚

55 1321 128 1370 si
128 1315 286 1383 pede
306 1315 464 1378 major
482 1317 601 1377 erit,
620 1316 903 1374 subvertet3
920 1317 962 1364 si
984 1315 1331 1380 minor,{uret.

51 1395 249 1440 Laetus
267 1397 399 1434 sorte
418 1386 504 1435 tua
522 1387 658 1434 vives
678 1389 949 1451 sapienter,
968 1390 1147 1435 Aristi·
1134 1425 1149 1447 ‚

52 1465 185 1516 Nec
208 1475 289 1507 me
307 1457 526 1507 dimittes
544 1459 916 1524 incastigatum‚
937 1460 1021 1508 ubi
1042 1461 1187 1524 plura

56 1538 275 1597 Cogere
294 1547 443 1594 quam
461 1532 576 1578 satis
595 1543 767 1592 est,·ac
785 1548 893 1579 non
911 1547 1120 1590 cessare,
1137 1530 1360 1578 videbor.

53 1610 304 1669 Imperat
322 1613 409 1649 aut
427 1604 579 1649 servit
597 1603 802 1650 collecta
819 1604 1030 1667 pecunia
1048 1603 1256 1666 cuique,
1269 1607 1280 1620 ⁶

52 1669 473 1738 Tortum⁹digna
493 1674 636 1737 sequi
652 1672 848 1739 Ροῐὶὺε,
872 1673 1022 1738 quam
1047 1673 1252 1733 ducere,
1273 1673 1461 1721 funem.

51 1751 199 1798 Haec
220 1743 612 1806 tibi'fdictabam
633 1756 749 1809 post
768 1745 940 1793 fanum
958 1756 1107 1810 putre
1124 1748 1339 1792 Vacunae
1353 1778 1371 1805 ‚

49 1822 307 1881 Excepto
326 1816 464 1881 qued
483 1832 590 1864 uon
607 1817 758 1864 simul
777 1833 932 1877 esses,
949 1828 1108 1863 cetera
1128 1816 1286 1863 laetus.

52 1971 359 2020 comparare
385 1958 510 2004 lanas
540 1974 680 2006 succo
708 1959 770 2004 A·
835 1958 1053 2020 allegoria
1085 1958 1223 2004 ducta
1254 1956 1315 2002 ab
1351 1958 1405 2003 iis
1437 1956 1520 2016 qui

140 2030 153 2041 ⁸
197 2026 262 2070 ati
282 2025 459 2070 tinctas.
834 2028 994 2072 restim
1012 2026 1216 2071 ductant.

136 2095 177 2139 8
205 2091 377 2136 Pedem
396 2091 542 2137 laedet.
912 2107 969 2138 10
992 2094 1100 2138 Haec
1122 2091 1352 2137 dictabam
1371 2104 1520 2149 puero

132 2177 172 2240 9
197 2159 314 2217 Quae
329 2155 470 2204 debet
481 2159 636 2220 potius
648 2159 769 2204 trahi
832 2175 940 2205 meo
960 2159 1203 2213 scribenti,
1221 2166 1273 2206 ut
1283 2155 1343 2202 ad
1358 2165 1402 2201 te
1416 2156 1520 2201 mit-

49 2228 222 2293 quam
237 2225 442 2279 trahere,
455 2225 505 2269 id
520 2235 586 2270 est
599 2226 769 2280 servire
832 2235 992 2274 terem.

50 2293 236 2360 potius
255 2289 398 2353 quam
414 2293 657 2356 imperare.
689 2293 771 2342 Est

1246 2755 1310 2785 20
