1747 2988
353 130 816 177 CARM1NUM
852 132 1140 180 L1n.1v.
1202 141 1207 146 ·
1398 150 1459 194 91

306 218 538 265 Consiliis
556 217 753 278 juvenis
775 219 970 267 revictae
983 254 1000 279 ‚

165 291 371 335 sensere
391 288 514 351 quid
533 306 671 335 mens
689 290 810 350 rite,
827 290 951 354 quid
968 292 1186 353 indoles,
1210 317 1213 320 2

164 360 368 406 Nutrita
387 360 560 410 faustis
579 359 675 406 sub
694 362 1054 424 penetralibus»,
1076 353 1079 358 ⁶

231 432 433 490 Posset,
452 430 576 494 quid
593 431 812 495 ¹Augusti
828 443 1065 496 paternus
1110 465 1113 466 ν

302 504 366 548 In
381 518 566 564 pueros
586 503 781 554 animus
800 504 1039 556 Nerones.

159 576 337 621 Fortes
357 583 587 620 creantur
603 573 845 632 fortibus;
868 586 918 622 et
934 574 1082 623 bonis

158 645 246 691 Est
266 644 324 690 in
340 642 592 705 juvenciS‚
614 656 688 692 est
705 647 761 698 in
778 647 945 710 equis,
967 640 1186 710 patrum*

227 714 434 761 Virtus:
457 731 549 762 nec
565 716 818 764 imbellem
838 717 1026 765 feroces

302 788 638 849 Progenerant
654 789 831 850 aquilae
849 789 1153 836 columbam.

155 856 402 903 Doctrina
422 857 509 903 sed
527 858 631 904 vim
653 869 920 921 promovet
937 860 1163 920 insitam,

157 926 408 990 Rectique
426 928 594 975 cultus
616 939 819 991 pectora
841 928 1104 977 roborant:

229 1000 521 1061 Utcumque
541 998 762 1046 defecere
782 1015 971 1058 mores,

301 1068 597 1116 Indecorant
616 1069 743 1117 bene
761 1080 872 1118 nata
893 1071 1067 1134 culpae.

159 1138 306 1201 Quid
324 1139 524 1198 debeas»,
542 1140 573 1186 ὀ
593 1142 779 1199 Roma,
797 1141 1115 1201 Neronibus,

157 1212 321 1258 Testis
340 1211 628 1258 Metaurum
647 1211 863 1271 flumen,
884 1224 933 1259 et
952 1212 1231 1261 Hasdrubal

228 1282 496 1340 Devictus,
517 1293 567 1329 et
584 1282 794 1345 pulcher
815 1283 998 1346 fugatis

304 1353 395 1399 Ille
413 1352 514 1399 dies
532 1353 653 1400 latio'
675 1354 918 1414 tenebris,

163 1424 271 1483 Qui
288 1424 479 1486 primus
498 1422 625 1471 alma
637 1423 658 1445 ²
672 1425 782 1478 risit
800 1425 1005 1484 adorea,

162 1497 318 1542 Dirus
335 1511 426 1558 per
446 1494 592 1543 urbes
612 1494 733 1543 Afer
753 1507 812 1542 ut
831 1498 1002 1554 Italas,

233 1567 341 1614 Ceu
360 1564 554 1613 flamma
573 1581 665 1629 per
684 1565 857 1624 taedas,
877 1567 956 1612 vel
973 1567 1134 1612 Eurus
1187 1600 1194 1609 .

306 1639 400 1684 Per
419 1638 605 1689 Siculas
625 1637 867 1699 equitavit
887 1636 1060 1683 undas.

166 1710 287 1755 Post
302 1707 403 1754 boc
424 1706 656 1756 secundis
676 1724 835 1771 usque
852 1707 1109 1755 laboribus

165 1779 397 1826 Romana
416 1779 577 1841 pubes
595 1779 777 1838 crevit,
797 1789 847 1826 et
862 1779 1022 1842 impio

235 1852 438 1896 Vastata
457 1853 726 1897 Poenorum
743 1842 977 1897 ‘tumultu
1039 1875 1045 1881 -

315 1923 446 1967 Fana
458 1917 476 1945 ³
489 1923 622 1984 Deos
639 1920 858 1969 habuere
876 1930 1053 1968 rectos.
1091 1938 1104 1967 ο
1176 1918 1185 1928 “

166 1990 410 2055 Dixitque
429 1991 628 2039 tandem
645 1990 867 2055 perfidus
888 1992 1157 2039 Hannibal:

168 2062 342 2121 Cervi,
362 2062 604 2125 luporum
622 2062 784 2126 praeda
804 2064 1082 2126 rapacium,

239 2135 499 2181 Sectamur
517 2133 653 2181 ultro
673 2150 800 2197 quos
821 2134 1022 2197 opimus

314 2205 499 2251 Fallere
518 2215 568 2251 et
586 2205 805 2268 effugere
823 2216 898 2252 est
917 2202 1218 2265 triumphus.

169 2274 333 2335 Gens,
354 2291 465 2338 quae
484 2286 700 2324 cremato
719 2276 863 2324 fortis
883 2275 943 2321 ab
964 2275 1058 2321 Ilio

93 2413 120 2443 9,
154 2401 252 2458 Qui
289 2399 422 2446 laetus
455 2410 520 2446 est
550 2400 721 2446 bellica
858 2401 887 2446 3
923 2400 1043 2442 Fana
1079 2404 1245 2441 statuas
1277 2394 1469 2441 deorum

33 2464 186 2522 gloria.
205 2468 360 2512 Farris
380 2477 426 2512 et
444 2467 629 2529 frugum
648 2482 723 2512 co-
786 2466 995 2510 habuere
1004 2472 1201 2519 erectas,
1217 2462 1471 2523 quaeaCar—

33 2532 144 2589 *piam
165 2533 401 2594 significat
416 2534 611 2586 adorea,
630 2533 722 2593 qua
789 2530 1149 2592 thaginiensibus
1188 2528 1370 2573 fuerant
1415 2527 1473 2569 de

33 2596 348 2646 'abundantem
371 2601 600 2661 putabant
625 2599 723 2660 glo·
790 2601 883 2647 suis
903 2596 1088 2642 sedibus
1107 2592 1374 2638 deturbatae.

37 2677 217 2712 mosum.
