1747 2988
390 143 893 193 sArmAnmu
927 124 1157 192 L113.1.‘
1392 112 1529 208 149'

40 225 175 276 Pone
194 233 343 293 arsit,
362 216 562 281 macros¹
574 233 697 281 dum
717 233 895 281 turdos
914 245 1075 280 versat
1093 234 1146 281 in
1164 235 1302 299 igne:

39 296 172 347 Nam
191 319 316 366 vaga
335 319 427 368 per
445 315 662 352 veterem
682 304 873 368 dilapso
894 303 1092 351 flamma
1111 306 1328 354 culinam
1377 306 1383 315 ’

43 367 274 422 Vulcano
294 390 554 423 summum
571 375 869 439 properabat
886 375 1102 423 lambere
1125 387 1330 426 tectum.

52 438 299 493 Convivas
319 446 494 494 avidos
512 462 701 494 coenam
721 462 991 510 servosque
1012 446 1242 495 timentes

48 510 176 562 Tum
197 531 398 582 rapere,
417 528 567 581 atque
586 533 759 566 omnes
778 519 1085 581 restinguere
1103 518 1229 568 vell'e
1249 518 1456 569 videres.

49 581 227 649 Incipit
249 604 312 635 ex
334 589 421 637 illo
443 600 638 636 montes
656 589 839 653 Apulia
858 600 1010 636 notos

53 652 311 705 Ostentare
332 660 485 718 mihi,
507 677 635 723 quos
655 657 1122 725 torret⁹AtabuluS‚
1141 672 1190 708 et
1209 677 1337 725 quos
1380 688 1383 691 ·
1448 698 1463 715 .

51 721 340 792 Numquam
360 747 669 795 erepsemus‚
686 732 784 779 nisi
801 748 896 779 nos
915 732 1077 779 vicina
1093 731 1104 753 ¹
1117 730 1135 749 ⁰
1149 734 1334 782 Trivici

54 793 179 845 Villa
197 802 488 865 recepisset,
504 801 518 823 ¹
532 802 541 823 ¹
557 801 834 866 lacrymoso
855 818 963 849 non
981 803 1087 849 sine
1107 803 1276 863 sumo,

53 866 185 917 Udos
198 886 324 918 cum
346 873 478 921 foliis
496 885 662 920 ramos
680 884 857 921 urente
876 875 1089 921 camino.

59 937 286 999 Qnatuor
303 943 422 991 hinc
442 945 667 1009 rapimur
685 943 863 1007 viginti
887 955 935 991 et
954 944 1107 1009 millia
1126 945 1319 1007 rhedis,

55 1009 278 1060 Mansuri
298 1030 329 1061 o
366 1015 544 1078 pidulo
565 1015 705 1078 quod
722 1030 868 1062 versu
891 1015 1052 1063 dicere
1068 1032 1176 1064 non
1195 1029 1297 1078 est,

57 1081 210 1144 Signis
230 1031 462 1148 pergens
479 1097 577 1136 est:
599 1086 738 1134 venit
754 1087 990 1134 vilissima
1008 1104 1176 1136 rerum

56 1150 141 1200 Hic
159 1169 313 1219 aqu-'13
335 1157 420 1203 sed
439 1159 580 1221 panis
598 1154 745 1220 longe
765 1158 1158 1221 pulcherrimus,
1179 1158 1308 1207 ultra

59 1223 270 1289 Callidus
290 1238 349 1275 ut
368 1229 523 1276 soleat
540 1229 766 1275 humeris
782 1240 980 1292 portare
999 1230 1183 1279 viator:

60 1293 178 1344 Nam
195 1296 208 1319 ¹
219 1298 238 1319 ²
255 1298 440 1346 Canusi
458 1299 711 1363 lapidosus
722 1331 738 1358 ‚
758 1302 898 1362 aquae
914 1316 1021 1348 non
1040 1300 1192 1347 ditior
1210 1317 1362 1359 urna3

62 1365 159 1426 Qui
174 1368 316 1417 locus
335 1386 362 1416 a
381 1369 500 1418 forti
521 1368 760 1417 Diomede
778 1381 853 1418 est
870 1367 1104 1418 conditus
1124 1371 1260 1419 olim.
1340 1386 1343 1391 ’

61 1438 310 1488 Flentibus
330 1440 413 1489 hic
431 1440 612 1488 Varius
633 1441 840 1510 discedit
859 1453 1066 1490 moestus
1085 1443 1267 1496 amicis.

62 1506 178 1559 Inde
198 1511 375 1560 Rubos
394 1511 507 1561 fessi
524 1514 871 1577 pervenimus,
891 1524 1069 1577 utpote
1086 1515 1297 1578 longum

65 1583 323 1647 Carpentes
338 1583 459 1644 iter,
478 1594 528 1631 et
546 1584 732 1631 factum
751 1585 1040 1647 corruptius
1059 1584 1222 1652 imbn‘,

60 1652 254 1701 Postera
273 1665 534 1720 tempestas
555 1655 755 1713 melior3
775 1654 851 1700 via
872 1652 1017 1717 pejor
1032 1654 1096 1701 ad
1114 1655 1274 1718 usque

61 1723 167 1771 Bari
184 1725 364 1772 moenia
380 1726 579 1790 piscosi.
608 1726 802 1774 Dehinc
821 1725 1026 1784 Gnatia,
1043 1724 1261 1790 lymphis

60 1795 193 1843 Iratis
211 1806 463 1856 extructa,
482 1796 619 1844 dedit
639 1796 866 1859 risusque
885 1794 1149 1861 jocosque3

61 1866 217 1925 Dum,
237 1859 431 1916 flamma
454 1868 586 1927 sine,
604 1868 752 1915 thura
771 1867 1042 1930 liquescere
1060 1868 1232 1917 limine
1250 1885 1389 1918 sacro

60 1935 353 1985 Persuadere
369 1939 534 2002 cupit:
553 1938 720 1985 credat
739 1938 946 1985 Judaeus
962 1940 1164 2004 Apella,

61 2007 276 2073 Nonego
287 2024 302 2066 ;
319 2024 537 2073 namque
544 2010 680 2057 Deos
690 2010 838 2058 didici
857 2008 869 2031 ¹
880 2009 898 2035 ³
912 2026 1145 2059 securum
1155 2028 1295 2078 agere
1303 2028 1465 2063 aevum
1476 2028 1492 2073 ς

60 2078 187 2140 Nec,
204 2082 246 2128 si
266 2080 390 2145 quid
409 2079 686 2128 mirifaciat
705 2092 908 2142 natura,
928 2084 1061 2131 Deos
1078 2083 1133 2131 id
1268 2083 1271 2088 ’
1442 2083 1447 2090 ’

63 2151 242 2200 Tristes
261 2168 324 2198 ex
340 2151 440 2198 alto
460 2151 572 2199 ooeli
589 2151 851 2200 demittere
872 2164 1021 2201 tecto.

60 2222 400 2271 Brundusium
418 2222 578 2287 longae
594 2221 709 2270 finis
726 2223 1010 2287 chartaeque
1027 2223 1232 2289 viaeque.

122 2360 158 2406 9
191 2346 368 2392 Ventus
398 2344 577 2407 Apulia
607 2344 745 2394 infes-
807 2335 967 2392 tiente.

61 2418 144 2458 tus.
884 2428 901 2458 1
911 2426 942 2458 2
964 2412 1147 2458 Canusii
1163 2409 1354 2474 (oppidi
1368 2414 1506 2475 Apus,

137 2493 197 2525 10
242 2480 477 2525 Trivicum
512 2479 743 2541 oppidum
806 2476 910 2541 lia)
931 2479 1075 2525 durus
1094 2488 1161 2525 est
1178 2480 1321 2539 panis.

63 2555 128 2590 est
142 2548 190 2591 in
207 2545 378 2591 finibus
395 2545 669 2608 Campaniae.
884 2559 902 2591 1
913 2546 942 2592 3
975 2547 1086 2592 Sine
1104 2546 1214 2591 cura
1232 2560 1388 2591 rerum
1405 2545 1468 2591 hu

129 2627 148 2658 ι
165 2628 181 2659 ι
205 2614 354 2659 Fumo
369 2611 593 2674 lacrymas
608 2628 745 2660 exeu-
808 2626 1064 2659 manarum.
1237 2678 1265 2724 3

879 2703 885 2708 ·
1206 2694 1226 2726 1
1271 2712 1285 2725 .

321 2801 335 2828 J
