1747 2988
315 2240 333 2270 1
376 2228 498 2273 Bene
535 2231 645 2276 vivit
677 2232 717 2277 is
750 2248 924 2293 parvo,

626 138 631 147 ,
678 100 1038 150 HORATH
1072 103 1366 154 FLACCI

418 193 622 240 Vivitur
635 188 650 212 ¹
666 205 824 254 parvo
846 189 1000 249 bene,
1019 192 1106 238 cui
1119 203 1382 255 paternum

422 262 658 326 Splendet
676 263 733 308 in
748 259 918 310 meuse
940 263 1081 309 tenui
1095 264 1346 312 salinum:

420 335 525 382 Nec
541 333 673 382 leves
691 347 895 380 somnos
919 333 1070 381 timor
1087 346 1175 383 aut
1193 336 1379 399 cupido

774 403 1018 452 Sordidus
1041 405 1219 453 aufert.

425 475 566 538 Quid
581 475 724 522 brevi
740 474 893 523 fortes
906 476 924 497 ²
938 475 1213 538 jaculamur
1233 493 1339 525 aevo

423 547 585 594 Multa
603 547 625 592 ?
645 546 784 608 Quid
803 557 958 594 terras
980 548 1076 594 alio
1095 548 1309 596 calentes

422 618 534 666 Sole
553 618 840 665 mutamus?
857 618 1032 666 Patriae
1050 619 1163 681 quis
1182 621 1303 668 exul

773 691 835 737 Se
853 703 1060 751 quoque
1081 689 1249 754 fugit?

421 759 621 815 scandit
639 769 810 806 aeratas
829 759 1008 807 vitiosa
1025 774 1176 808 naves

423 833 576 890 Cura3
595 847 689 878 nee
705 841 895 878 turmas
913 832 1142 894 equitum
1161 833 1423 897 relinquit,

421 903 574 950 Ocior
591 902 747 950 cervis
761 935 778 964 ,
797 913 847 950 et
871 914 1045 967 agente
1064 903 1264 952 nimbos

771 975 925 1020 Ocior
942 991 1081 1022 euro.

418 1045 580 1090 Laetus
599 1042 652 1088 in
669 1058 885 1106 praesens
901 1045 1096 1091 animus
1117 1045 1257 1109 quod
1274 1045 1405 1095 ultr&
1425 1060 1495 1095 est

419 1113 595 1160 Oderit
612 1125 808 1173 curare,
826 1124 878 1160 et
895 1128 1054 1161 amara
1072 1116 1209 1164 lento

419 1187 682 1248 Temperet
698 1185 818 1231 risu.
840 1183 981 1233 Nihil
1004 1197 1077 1234 est
1095 1186 1155 1232 ab
1176 1189 1314 1235 omui

471 1272 484 1284 ⁸
768 1257 913 1302 Parte
930 1255 1214 1306 beatum..

418 1324 643 1372 Abstulit
660 1326 846 1372 clarum
866 1327 961 1372 cita
977 1344 1111 1374 mors
1130 1324 1402 1391 Achillem3

419 1397 586 1459 Longa
605 1396 884 1445 Tithonum
906 1398 1089 1444 minuit
1106 1410 1360 1462 senectusg,
1385 1436 1390 1445 ,

417 1467 478 1515 Et
496 1466 620 1514 mihi
639 1465 831 1528 forsan,
848 1467 938 1515 tibi
958 1468 1097 1532 quod
1115 1469 1330 1534 negarit,

444 1527 447 1540 ⁸
769 1540 995 1605 Porriget
1013 1534 1156 1588 hora.
1329 1533 1336 1538 ’

418 1612 488 1657 Te
506 1614 673 1675 greges
690 1622 891 1658 centum
914 1613 1190 1675 Siculaeque
1207 1612 1394 1661 circum

354 1673 357 1680 “
415 1679 659 1743 Mugiunt
676 1696 856 1736 vaccae;
879 1681 973 1729 tibi
992 1683 1125 1730 tollit
1144 1684 1400 1732 hinnitum

417 1750 550 1814 Apta
569 1750 820 1816 quadrigis
836 1766 990 1814 equa3
1014 1764 1060 1802 te
1076 1753 1154 1801 bis
1178 1755 1304 1804 Afro

769 1822 965 1871 Murice
987 1824 1155 1873 tinctae
1257 1833 1258 1838 ’

419 1891 657 1939 Vestiunt
674 1893 825 1941 lanae:
847 1896 971 1941 mihi
989 1911 1140 1959 parva
1157 1912 1271 1944 rura
1290 1908 1342 1943 et

422 1962 666 2024 Spiritum
690 1964 845 2012 Graiae
864 1975 1067 2014 tenuem
1088 1967 1328 2016 Camoenae

417 2034 566 2079 Parca
583 2036 689 2082 non
706 2036 920 2083 mendax
939 2037 1099 2099 dedit,
1119 2051 1169 2087 et
1189 2036 1458 2104 malignum

768 2111 1011 2171 Spernere
1031 2110 1229 2175 vulgus.

243 2292 318 2336 cui
331 2325 344 2348 ‚
369 2302 457 2339 etc.

246 2369 259 2412 [x

1015 2274 1019 2284 .
1061 2249 1092 2280 ⁹.
1111 2235 1204 2282 Cur
1220 2237 1361 2282 multa
1380 2237 1588 2298 petimus
1601 2240 1623 2281 ’ἒ
