1747 2988
434 130 938 185 SATIRARUM
972 137 1119 184 LIB.
1155 138 1229 184 11.
1456 141 1549 186 183

90 225 247 275 Illud
263 223 401 275 idem
420 228 477 274 iu
494 228 724 292 rapidum
742 225 935 273 flumen
951 225 1193 288 iaceretve
1210 226 1458 274 cloacam?

92 298 301 359 Quinti
317 299 577 362 progenies
597 298 740 358 Arri,
759 313 849 362 par
867 296 1039 346 nobile
1060 297 1271 344 fratrum
1285 330 1302 359 ,

89 368 376 432 Nequitia,
395 380 445 416 et
466 369 638 432 nugis,
656 384 929 433 pravorum
949 379 1000 416 et
1019 368 1204 415 amore¹
1217 369 1502 434 ‘’gempllum
1516 403 1531 430 ,

88 438 365 487 Luscinias
385 440 520 488 soliti
536 442 762 503 impenso
781 439 1022 504 prandere
1039 441 1306 504 coemptas.

90 512 377 571 Quorsum
396 510 602 559 abeant?
620 511 725 558 sani
746 522 806 558 ut
820 509 977 570 cretai,
995 528 1059 558 an
1077 510 1292 559 carbone
1309 511 1548 560 notandi?

88 580 388 629 Aedificare
406 597 561 642 casas,
579 582 844 647 plaustello
863 580 1132 644 adjungere
1152 598 1346 642 mures,

85 651 303 701 Ludere
323 668 413 717 par
428 653 614 716 impar,
633 653 853 717 equitare
872 653 929 699 iu
945 648 1189 700 arun'dine
1206 652 1381 717 longai,

84 725 143 772 Si
166 739 334 787 quem
354 723 563 771 delectet
579 724 885 785 barbatum,¹
899 723 912 745 ¹
925 724 1138 771 amentia
1155 736 1349 772 verset.-

84 797 143 843 Si
167 794 426 865 puerilius
445 795 524 842 his
543 795 669 843 ratio
689 812 791 844 esse
809 796 1004 842 evincet
1021 808 1206 854 amare3

84 866 207 913 Nec
226 865 504 929 quidquam
520 865 718 913 differre
727 901 744 927 ,
758 870 998 913 utrumne
1012 866 1066 913 in
1079 867 1285 931 pulvere
1294 864 1329 927 ,¹
1343 865 1544 915 'trimus

86 936 270 999 Quale
289 936 457 999 prius,
474 937 618 985 ludas
638 950 792 1001 opus,
811 954 876 985 an
894 938 1163 984 meretricis
1180 954 1349 986 amore

84 1007 362 1057 Sollicitus
379 1009 571 1071 plores:
588 1024 783 1073 quaero,
802 1008 1011 1056 faciasne
1030 1010 1168 1073 quod
1187 1009 1309 1057 olim

85 1081 335 1127 Mutatus
350 1077 363 1099 ¹
374 1075 392 1102 ³
405 1080 678 1128 Polemon?
695 1096 853 1144 ponas
871 1080 1081 1143 insignia
1101 1080 1292 1141 morbi,

83 1149 371 1209 Fasciolas,
390 1150 601 1210 cubital,
622 1150 819 1213 focalia,
838 1162 992 1214 potus
1013 1162 1070 1198 ut
1089 1152 1170 1198 ille

85 1221 302 1268 Dicitur
321 1235 384 1266 ex
400 1221 531 1269 collo
551 1221 727 1269 furtim
746 1223 981 1286 carpsisse
998 1221 1009 1242 ¹
1020 1218 1278 1281 ‘coronas,

82 1295 375 1354 Postquam
398 1303 473 1340 est
487 1292 725 1356 impransi
745 1303 1007 1357 correptus
1025 1309 1147 1341 voce
1163 1290 1460 1356 ¹⁵magistri?

82 1361 320 1435 Porrigis
337 1362 462 1411 irato
480 1379 639 1427 puero
661 1381 821 1428 quum
838 1379 988 1428 poma
1000 1398 1016 1425 ,
1034 1375 1251 1412 recusat:

86 1436 254 1482 Sume
266 1464 282 1491 ,
303 1434 509 1494 Catelle3
528 1446 696 1499 negat:
718 1436 886 1483 sinon
905 1436 1015 1496 des,
1034 1447 1189 1500 optat.
1216 1436 1426 1484 Amator

83 1506 344 1553 Exclusus
358 1500 497 1569 ¹“qui
514 1507 685 1567 distat,
708 1508 807 1571 agit
825 1507 916 1555 ubi
935 1524 1128 1567 secum,
1146 1519 1224 1555 eat
1241 1525 1302 1555 an
1321 1524 1428 1555 non

85 1577 219 1638 Qui)
241 1575 495 1625 rediturus
514 1589 616 1626 erat
635 1594 741 1625 nou
759 1580 1047 1638 arcessitus,
1063 1588 1113 1625 et
1128 1578 1284 1641 haeret
1358 1593 1365 1598 ·

83 1646 278 1695 Invisis
299 1646 523 1696 foribus?
544 1649 621 1696 Ne
639 1665 803 1709 nunc,
821 1665 984 1713 quum
998 1665 1082 1696 *me
1101 1659 1248 1697 vocat
1264 1649 1427 1710 ultro,

29 1741 30 1748 ¹
81 1716 381 1766 Accedam?
401 1736 463 1768 an
480 1719 652 1784 potius
673 1721 882 1768 mediter
900 1720 1043 1768 finire
1063 1720 1288 1782 dolores?

81 1789 348 1849 Exclusit,
367 1802 588 1838 revocat:
609 1790 835 1840 redeam?
853 1808 985 1852 nou,
1004 1792 1042 1839 si
1063 1791 1299 1842 obsecret.
1329 1793 1451 1838 Ecce

81 1863 280 1910 Servus
292 1893 310 1920 ,
329 1877 433 1908 non
451 1863 602 1925 paulo
621 1862 913 1926 sapientior:
938 1865 983 1909 Ο
1002 1863 1147 1923 here,
1164 1879 1276 1926 quae
1294 1880 1381 1918 res.

80 1933 194 1979 Nec
207 1929 421 1979 modum
432 1932 600 1993 habet,
609 1950 772 1997 neque
782 1933 1068 1992 consilium,
1077 1935 1268 1981 ratione
1279 1934 1534 1997 modoque

78 2002 316 2052 Tractari
337 2019 442 2050 non
459 2004 585 2052 vult.
620 2008 679 2051 In
697 2021 864 2053 amore
883 2004 990 2053 haec
1009 2017 1128 2054 sunt
1146 2006 1295 2065 mala3
1318 2005 1503 2053 bellum
1516 2037 1534 2063 ,

159 2142 224 2175 ιο
249 2126 409 2172 Simile
428 2136 473 2171 et
490 2128 679 2188 aequale.
844 2127 887 2173 la
906 2130 1138 2175 successit.

157 2212 176 2241 ι
197 2209 217 2238 1
254 2194 466 2239 Amentia
488 2210 594 2239 eum
620 2196 779 2256 agitet,
919 2200 975 2246 111
993 2196 1164 2250 Flores,
1174 2197 1314 2248 rosas,
1325 2195 1430 2250 lilia,
1441 2203 1533 2240 etc.

76 2267 127 2312 id
149 2270 227 2309 est
244 2275 335 2320 pro
359 2261 517 2306 insano
541 2262 779 2307 habeatur.
846 2277 871 2307 e
890 2262 1060 2323 quibus
1077 2261 1192 2305 fiunt
1211 2276 1409 2307 coronae.

154 2347 174 2376 1
185 2344 220 2374 2
235 2327 402 2371 Utrum
419 2327 506 2372 tale
520 2344 643 2374 nunc
659 2344 775 2388 opus
916 2344 933 2373 1
946 2329 971 2373 5
1010 2328 1231 2373 Oratione
1259 2330 1528 2373 Xenocratis

75 2399 244 2449 ludas,
264 2392 399 2453 quale
418 2395 545 2454 prius
560 2394 774 2458 ludebas,
840 2394 986 2438 sobrii
1016 2403 1061 2439 et
1081 2394 1305 2447 modesti,
1334 2396 1416 2454 qui
1442 2395 1531 2439 fuit

75 2479 232 2528 quum
253 2475 375 2507 esses
392 2462 530 2505 trium
548 2476 774 2506 annorum
840 2461 1095 2506 Aristotelis
1114 2460 1312 2507 auditor.
1365 2480 1375 2492 ·

76 2532 252 2579 infans.
616 2546 626 2562 ·
915 2528 972 2573 16
1015 2530 1054 2572 A
1084 2528 1260 2574 Thaide
1304 2526 1526 2572 exclusus.

150 2614 170 2643 1
185 2598 214 2643 3
235 2587 440 2640 Mutatus
459 2596 666 2639 oratioue
684 2596 774 2640 Xe·-
840 2595 986 2639 Totus
1013 2594 1090 2638 hic
1117 2594 1246 2639 locus
1273 2593 1527 2638 desumitur

71 2663 308 2717 nocratis,
324 2661 401 2706 cui
415 2671 575 2733 postea
585 2662 629 2706 in
643 2660 775 2708 scho-
840 2676 896 2706 ex
918 2653 1144 2708 Eunucho
1163 2661 1380 2705 Terentii.

1386 2835 1419 2856 Α.
