1747 2988
369 118 971 175 EPISTOLARUM
1005 121 1156 169 LIB.
1193 119 1233 169 1.
1419 123 1516 171 223

53 205 358 272 Haec⁷seges
378 209 598 274 ingratos
616 209 734 257 tulit
745 243 762 270 ‚
779 220 829 257 et
847 208 971 257 feret
991 208 1226 257 omnibus
1246 211 1403 258 annis.

51 284 160 331 Vir
184 281 358 327 bonus
378 291 428 327 et
446 282 639 344 sapiens
663 280 822 344 dignis
844 280 912 326 ait
932 297 1032 327 esse
1051 292 1273 343 paratus;

52 355 176 404 Nec
200 361 372 398 tamen
389 353 587 415 ignorat
601 351 728 414 quid
749 350 934 400 distent
952 368 1043 399 aera
1062 352 1266 416 lupinis.

51 427 302 490 Dignum
320 423 565 486 praestabo
590 439 669 470 me
687 423 830 469 etiam
850 439 944 486 pro
965 423 1111 470 laude
1130 424 1376 472 merentis.

56 493 237 559 Qubd
257 494 302 541 si
320 509 398 541 me
417 495 556 541 noles
575 510 782 557 usquam
806 494 1075 553 discedere,
1092 493 1266 541 reddes

56 572 227 615 Forte
249 558 407 625 latus,
424 565 594 628 nigros
617 564 821 629 angusta
840 564 1008 611 fronte
1026 564 1257 627 capillos3

53 635 276 687 Reddes
297 635 440 682 dulce
459 636 626 699 loqui3
646 635 818 683 reddes
841 635 1000 682 ridere
1020 634 1272 683 decorum.

52 706 225 759 Forte
244 723 335 770 per
354 716 611 772 angustam
630 707 794 754 tenuis
812 706 1035 754 nitedula
1054 707 1227 754 rimam

54 784 320 844 Repserat
340 777 392 824 in
410 794 659 826 cumeram
678 777 943 836 frumenti3
966 789 1202 841 pastaque
1225 794 1398 828 rursus

53 856 143 900 Ire
166 849 308 896 foras
326 849 476 912 pleno
499 846 730 896 tendebat
747 865 956 911 corpore
976 848 1173 896 frustra.

53 922 168 973 Cui
190 920 403 967 mustela
420 921 626 982 procul,
643 920 695 967 Si
711 921 812 979 vis,
833 919 901 966 ait
914 953 930 980 .,
944 919 1162 984 effugere
1179 921 1389 981 isthinc,
1445 980 1448 987 ι

53 995 245 1042 Macra
263 1005 443 1037 cavum
461 1002 652 1054 repetes
671 1002 887 1050 arctum,
911 1007 1062 1053 quem
1082 1007 1244 1055 macra
1260 992 1451 1041 subisti.

51 1064 173 1111 Hac
197 1077 293 1125 ego
313 1062 353 1107 si
374 1060 650 1125 compellor
665 1062 876 1126 imagine
888 1055 1106 1123 ‚⁸cuncta
1128 1063 1346 1128 resigno:
1425 1088 1430 1097 ·

52 1138 110 1186 N
111 1151 177 1183 ec
200 1130 439 1178 somnum
458 1132 616 1195 plebis
635 1133 812 1193 laudo,
830 1130 1229 1194 satur⁹altilinm3
1248 1134 1349 1182 nec⁴

50 1206 187 1255 otia
211 1202 401 1250 divitiis
420 1202 644 1250 Arabum
662 1202 913 1250 liberrima
931 1216 1089 1251 muto.

51 1273 236 1341 Saepi?
247 1273 612 1321 ‘’verecundum
632 1272 866 1332 laudasti3
886 1275 1095 1336 Rexque
1113 1277 1354 1340 Paterque

49 1344 300 1397 Audisti‘
316 1343 530 1403 'coram3
551 1359 642 1391 nec
661 1343 815 1391 verbo
833 1344 1029 1408 parcius
1047 1345 1245 1392 absens:

48 1418 272 1482 Inspice
290 1417 331 1462 si
349 1432 556 1479 possum
577 1415 756 1464 donata
778 1431 1015 1479 reponere
1033 1415 1189 1465 laetus.

46 1487 224 1539 Haud
245 1486 370 1535 male
386 1487 733 1548 Telemachus,
751 1484 917 1550 proles
932 1488 1163 1551 patientis
1182 1487 1385 1552 Ulyxei:

45 1564 102 1613 N
104 1560 211 1610 ου’
224 1560 325 1606 ²est
343 1569 488 1622 aptus
508 1560 648 1623 equis
667 1559 835 1606 Ithace
852 1559 1023 1618 locus3
1041 1570 1100 1607 ut
1117 1575 1280 1621 neque
1299 1560 1458 1622 planis

43 1637 342 1685 Por-rectus
359 1631 555 1693 spatiis,
573 1646 736 1692 neque
758 1629 928 1676 multoe
947 1629 1187 1693 prodigus
1208 1629 1398 1677 herbae:
1483 1629 1490 1635 ’

43 1702 307 1760 Ati-eide,
326 1702 480 1764 magis
499 1712 611 1765 apta
630 1700 722 1748 tibi
743 1710 829 1747 tua
846 1700 978 1747 dona
996 1701 1288 1764 relinquam.

44 1780 291 1826 Parvum
311 1788 460 1836 parva
479 1772 677 1818 decent:
699 1771 822 1818 mihi
840 1770 940 1833 jam
959 1788 1064 1818 non
1084 1771 1213 1835 regia
1232 1776 1418 1833 Roma,

41 1846 160 1896 Sed
184 1859 406 1890 vacuum
430 1843 589 1890 Tibur
605 1843 789 1906 placet,
808 1853 893 1889 aut
914 1841 1107 1889 imbelle
1126 1843 1413 1891 Tarentum.

41 1921 320 1967 Strenuus
339 1926 387 1961 et
407 1914 578 1973 forth,
597 1913 854 1975 causisque
871 1913 1134 1978 Philippus
1153 1914 1352 1978 agendis

41 1986 263 2039 Clarus‘
276 1981 367 2044 '‘⁴ab¹
381 1984 560 2033 officiis
579 1996 802 2033 octavam
820 1986 1015 2033 circiter
1028 1986 1203 2034 horam
1215 2019 1232 2047 ‚

114 2127 153 2173 7
188 2110 306 2155 Haec
329 2106 665 2153 inconsiderata
683 2122 756 2152 re·
891 2123 910 2153 1
924 2123 942 2154 1
960 2108 1225 2169 Appellatus
1237 2124 1284 2153 es
1293 2124 1318 2153 a
1328 2124 1403 2155 me
1413 2124 1508 2165 rex,

35 2194 160 2227 mm
183 2176 349 2220 vilium
365 2183 411 2218 et
423 2174 758 2233 superfluarum
823 2184 1017 2235 propter
1030 2175 1386 2221 munificeutIam
1396 2210 1409 2231 ,
1428 2191 1507 2238 pa-

33 2244 259 2292 donatio
273 2255 458 2301 semper
470 2242 592 2301 parit
604 2241 756 2302 ingre·
823 2250 895 2286 ter
914 2242 1023 2286 verb
1041 2251 1233 2301 propter
1252 2251 1380 2287 tuum
1402 2259 1508 2305 erga

38 2324 144 2359 ως,
824 2322 901 2353 me
933 2322 1162 2362 amorem,
1187 2308 1286 2354 sive
1309 2325 1507 2369 praeseus

114 2379 154 2425 8
177 2375 357 2421 Omnia
365 2389 469 2434 quae
483 2374 597 2419 mihi
609 2372 759 2420 dedis-
823 2382 979 2420 tecum
999 2389 1121 2430 sum,
1137 2376 1233 2420 sive
1251 2375 1427 2422 absens.

38 2448 85 2494 ti
103 2444 338 2491 restituo.
900 2456 958 2486 ι’).
985 2441 1139 2486 Verba
1158 2441 1421 2489 Telemachi
1447 2442 1508 2489 ad

119 2527 161 2572 9
183 2510 331 2555 Satur
338 2508 491 2553 avium
504 2506 634 2553 domi
646 2509 760 2571 sagi·
826 2508 1106 2555 Menelaum.

36 2587 300 2628 natarum.
332 2599 337 2602 -
901 2589 920 2622 1
931 2575 959 2622 3
978 2576 1019 2621 Δ
1034 2574 1311 2624 forensibus.

126 2660 153 2695 1
162 2656 202 2692 ο
211 2644 300 2694 Me
308 2642 469 2706 paucis
479 2650 760 2692 contentum.

42 2701 69 2716 1»
