1747 2988
344 151 947 203 EPISTOLARUM
988 154 1134 201 ΜΒ.
1174 154 1218 202 ι.
1303 224 1306 227 ,
1397 166 1496 216 249

31 244 289 312 Impensis
308 260 557 291 coenarum
583 254 631 290 et
649 245 777 290 tritae
794 258 1001 289 munere
1021 243 1198 300 vestis3

33 322 166 371 Non
187 332 305 381 ego,
326 315 571 362 nobilium
592 315 893 378 scriptorum
914 313 1115 360 auditor
1132 324 1181 360 et
1199 313 1359 375 ultor,

33 387 403 438 Grammaticas
420 387 605 450 ambire
625 386 784 432 tribus
803 396 852 432 et
870 383 1063 448 pulpita
1082 383 1296 448 dignor}

34 463 181 508 Hinc
198 459 292 505 illae
307 459 548 521 lacrymae.
577 457 753 520 Spissis
770 455 973 519 indigna
993 456 1195 502 theatris

38 532 246 593 Scripta
262 529 421 593 pudet
439 529 639 575 recitare
650 561 666 587 ‚
685 539 733 575 et
751 528 898 591 nugis
920 526 1097 579 addere
1115 526 1343 590 pondus,

39 605 97 651 Si
119 601 253 648 dixi:
274 600 452 658 Rides,
472 601 565 659 ait,
586 599 829 646 et¹⁰Jovis
848 597 1052 645 auribus
1068 598 1162 646 ista

40 678 252 722 Sex-vas:
272 668 384 718 fidis
402 671 534 717 enim
553 686 750 717 manare
768 669 960 733 poetica
979 669 1121 715 mella

41 748 121 793 Te
145 743 337 801 solum,
355 740 448 788 tibi
465 741 709 806 pulcher-¹
723 741 826 788 ‘Ad
843 741 949 788 hoec
967 756 1058 804 ego
1075 739 1279 788 naribus
1297 741 1376 788 uti

37 813 313 863 Formido:
333 824 407 872 et,
426 813 658 860 luctantis
677 823 824 859 acuto
840 828 905 858 ne
927 827 1060 858 secer
1078 813 1263 875 ungui,

38 884 324 947 Displicet
309 895 402 931 iste
419 883 587 942 Ιοοιιε,
606 882 791 942 clamo,
811 881 1101 929 et¹²diludia
1120 897 1291 946 posco.

39 954 228 1004 Ludus
246 955 378 1002 enim
395 954 570 1036 genuit
589 954 842 1018 trepidum
861 964 1108 1001 certamen
1123 964 1175 1000 et
1190 954 1340 1033 iram,

41 1030 133 1074 Ita
157 1037 319 1073 truces
336 1025 618 1072 inimicitias
638 1037 688 1072 et
707 1024 917 1073 funebre
935 1024 1135 1072 bellurn.

63 1189 634 1209 mmmm

376 1302 945 1369 EPISTOLA
998 1302 1177 1368 XX.

371 1404 515 1498 vAD
551 1388 1174 1500 LIBRUM-SUUM*

46 1559 172 1646 Vr
184 1611 214 1641 ιι
225 1610 257 1641 ἰ’
268 1610 302 1640 11
312 1609 354 1641 u
365 1610 398 1641 π
409 1610 443 1640 11
455 1593 515 1640 Μ’
529 1589 837 1658 ³Janumque
847 1626 863 1653 ‚
880 1581 1271 1657 liber.‚'spectare
1289 1594 1496 1656 videris;
1561 1581 1563 1590 ’

48 1661 366 1717 Scilicet¹⁶ut
383 1675 576 1729 prostes
596 1666 852 1714 Sosiorum
871 1665 1071 1728 pumice
1091 1664 1328 1713 mundus.
1351 1687 1356 1690 -

46 1738 229 1789 Odisti
245 1735 402 1783 claves
421 1747 470 1783 et
487 1748 621 1801 grata
641 1737 793 1801 sigilla
809 1736 1022 1800 pudico:

47 1810 236 1860 Paucis
255 1806 450 1854 ostendi
467 1809 643 1871 gemisss,
663 1819 711 1855 et
731 1808 1015 1855 communia
1034 1806 1229 1867 laudas,

47 1884 180 1931 Non
197 1880 265 1929 ita
285 1879 521 1925 nutritus.
548 1883 681 1943 Fuge
701 1880 805 1943 quo
825 1877 1119 1934 descendere
1137 1879 1310 1942 gestis:

48 1953 180 2001 Non
201 1950 297 1997 erit
313 1950 491 1997 emisso
510 1950 697 1998 reditus
717 1950 825 1997 tibi.
853 1950 993 2011 Quid
1004 1950 1159 2006 'miser
1176 1951 1285 2015 egi?
1479 1983 1494 2008 s

133 2079 196 2111 10
213 2062 414 2109 Auribus
424 2064 616 2126 Augusti
626 2066 750 2111 Jovis
892 2066 950 2111 13
981 2066 1263 2111 Vertumnus
1291 2073 1338 2110 et
1362 2068 1503 2112 Janus

54 2134 227 2179 nostri.
819 2130 885 2175 dii
908 2141 1013 2176 suut
1034 2134 1115 2192 qui
1137 2141 1339 2191 praesuut
1361 2133 1504 2177 rebus

137 2214 157 2245 1
173 2214 191 2244 1
219 2197 290 2244 Ad
308 2212 363 2242 ea
379 2212 482 2257 quae
501 2197 614 2241 mihi
629 2197 688 2241 ab
703 2197 754 2242 il.
816 2197 1115 2243 vendentium
1148 2206 1195 2243 et
1229 2200 1503 2255 ementium,

49 2270 107 2314 lo
126 2266 255 2311 dicta
272 2273 377 2310 sunt
391 2279 554 2308 vereor
568 2264 754 2308 subsan-
819 2274 925 2311 ante
939 2280 1140 2325 quorum
1155 2264 1325 2324 templa
1341 2266 1414 2311 vel
1428 2276 1508 2310 sta·

54 2349 202 2389 nare,
226 2332 286 2377 id
292 2342 362 2376 est
378 2346 544 2376 vereor
560 2330 753 2377 irridere
820 2341 920 2377 tuas
948 2340 1077 2377 erant
1107 2332 1212 2377 loca
1248 2332 1295 2375 in
1336 2332 1507 2392 quihus

57 2415 171 2464 quae
193 2400 327 2444 dixit.
819 2413 929 2445 cum
979 2401 1145 2455 ,ceteris
1203 2397 1341 2443 rebus
1398 2399 1508 2444 libri

120 2481 211 2513 ι’),
257 2465 465 2526 Spatium
509 2463 783 2510 emendari·
822 2467 960 2511 etiam
987 2466 1167 2511 venales
1206 2474 1334 2510 erant
1366 2465 1509 2511 libra-

57 2535 115 2581 di
135 2534 343 2582 carmina
359 2547 577 2592 exposco·
608 2525 766 2577 Meta·
824 2533 1003 2576 riorum
1032 2532 1256 2578 columnis
1286 2529 1427 2577 affixi.

58 2604 219 2666 phora
242 2599 380 2644 ducta
399 2614 425 2643 a
449 2598 665 2643 ludorum
689 2597 759 2642 di·
832 2634 843 2644 ,
900 2603 957 2651 πά
989 2600 1050 2644 Ut
1067 2599 1219 2660 palzim
1237 2607 1282 2644 te
1299 2599 1510 2644 venalem

54 2670 244 2715 latione
279 2664 612 2728 gladiatorIbus
648 2680 759 2711 con·
826 2664 998 2712 offeras
1012 2665 1307 2712 librariorum
1324 2666 1512 2726 pumice

60 2734 219 2783 cessa.
827 2733 1103 2793 expolitum.

1381 2863 1408 2878 A
