1747 2988
260 134 328 210 ‘50²
584 161 653 220 Q.
688 159 1041 211 nonArrn
1078 158 1370 206 FLAcm

472 246 763 306 Condiscat3
783 258 833 295 et
852 248 1063 296 Parthos
1084 235 1268 295 feroces

514 322 519 329 '
541 319 703 366 Vexet
725 335 876 381 eques
904 319 1200 367 metuendus
1218 316 1380 365 hasta:

400 390 667 452 vitamque
687 390 780 436 sub
801 390 918 438 divo
942 401 992 437 et
1017 389 1220 453 trepidis
1238 400 1349 452 agat

403 463 463 515 In
483 459 644 507 rebus.
663 462 814 508 mum
832 478 895 508 ex
903 460 1160 508 -moenibus
1179 459 1384 507 hosticis

470 534 698 579 Matrona
715 531 943 580 bellantis
965 531 1164 594 tyranni
1261 578 1270 583 ,

544 604 852 666 Prospiciens
862 634 879 662 ‚
894 614 943 650 et
955 601 1131 649 ndulta
1147 601 1289 664 virgo
1300 633 1317 659 ‚

408 674 634 737 Suspiret
647 673 658 695 ¹
680 691 691 720 ε
711 675 875 721 Eheu!
895 690 959 719 ne
977 671 1116 719 rudis
1133 672 1385 735 agminum

407 748 630 809 Sponsus
649 745 851 792 lacessat
867 744 1032 807 regius
1051 758 1281 806 asperum

476 812 873 875 Tactu'leonem‚
894 831 1042 879 quem
1064 823 1268 860 cruenta

546 890 639 933 Per
658 886 839 934 medias
859 887 990 950 rapit
1005 887 1076 932 ira
1095 884 1264 932 caedes.

407 957 564 1004 Dulce
582 968 633 1004 et
653 959 888 1005 decorum
908 968 982 1004 est
999 973 1095 1020 pro
1114 953 1271 1019 patriai
1290 953 1417 1000 mori
1435 969 1447 998 :

406 1029 548 1074 Mors
565 1036 615 1072 et
633 1024 852 1090 fugacem
873 1027 1192 1089 persequitur
1210 1027 1375 1073 virum
1387 1055 1403 1082 ,

479 1098 581 1145 Nec
601 1098 757 1160 parcit
780 1097 991 1144 imbellis
1009 1096 1242 1158 juventae-
1417 1110 1422 1113 “

547 1167 828 1233 Poplitihus
849 1167 1090 1215 timidove
1110 1179 1264 1232 tergo.

407 1237 608 1299 Virtus,
626 1239 834 1303 repulsae
851 1239 1014 1286 nescia
1031 1235 1267 1299 sordidae,

408 1311 714 1357 Intaminatis
734 1309 893 1374 fulget
905 1309 1188 1357 honoribus
1201 1327 1213 1355 z

479 1382 584 1429 Nec
603 1381 758 1426 sumit
777 1391 862 1426 aut
881 1381 1027 1443 ponit
1047 1395 1243 1426 secures

552 1450 776 1499 Arbitrio
795 1451 1053 1515 popularis
1071 1466 1216 1497 aurae.
1295 1460 1300 1469 ‘

408 1523 583 1571 Virtus
594 1557 610 1585 ‚
629 1523 887 1571 recludens
905 1522 1163 1570 immeritis
1185 1522 1315 1569 mori

411 1595 628 1656 Coelum.,
647 1594 820 1661 negat&
838 1606 997 1642 tentat
1017 1596 1111 1641 iter
1128 1594 1235 1641 viai:
1325 1595 1330 1600 '

480 1667 748 1729 Coetusque
766 1667 992 1731 vulgares
1012 1676 1061 1712 et
1076 1664 1229 1711 udam

551 1737 751 1799 Spernit
768 1736 979 1790 humum
1001 1735 1220 1799 fugiente
1238 1732 1415 1797 penui.

408 1808 493 1853 Est
512 1817 559 1854 et
579 1806 711 1854 fideli
735 1817 841 1854 tuta
860 1807 1056 1854 silentio

409 1879 597 1924 Merces
614 1878 659 1924 :²
673 1878 879 1937 vetabor,
898 1878 984 1941 qui
1005 1878 1191 1926 Cereris
1210 1890 1402 1923 sacrum

412 1963 419 1966 ·
479 1948 710 2011 Vulgarit
729 1949 939 2008 arcanae,
959 1948 1053 1995 'sub
1070 1948 1227 1995 isdem

549 2020 622 2066 Sit
643 2019 866 2078 trabibus
878 2052 894 2080 ‚
913 2019 1195 2083 fragilemve
1215 2032 1414 2065 mecum

415 2083 584 2137 solvat
604 2089 824 2137 faselum.
846 2092 983 2153 Saepe
996 2088 1013 2115 ³
1025 2091 1271 2153 Diespiter

407 2160 672 2224 Neglectus
691 2163 881 2209 incesto
901 2161 1090 2209 addidit
1110 2160 1385 2224 integrum:

479 2233 613 2279 Raro
633 2233 1002 2295 antecedentem
1021 2232 1283 2279 scelestum
1563 2287 1571 2296 „
1721 2245 1722 2270 ι

491 2364 503 2376 .
542 2297 782 2359 'Deseruit
798 2304 925 2367 pede
943 2306 1092 2351 Poena
1110 2299 1306 2349 claudo.
1338 2317 1342 2323 ·
1372 2315 1376 2320 ·

342 2438 362 2469 1
396 2426 525 2469 Voce
545 2426 839 2485 queribunda
855 2427 954 2473 haec
1019 2430 1156 2484 reris,
1176 2431 1286 2473 etc.'

269 2490 409 2535 verba
428 2491 665 2552 loquatur:
686 2493 841 2546 Eheu!
868 2504 955 2541 etc.
1091 2496 1119 2541 3
1149 2494 1332 2554 Jupiter
1367 2488 1492 2549 (diei
1519 2499 1567 2535 et
1593 2491 1722 2546 lucis}

339 2571 369 2602 9,
396 2559 558 2618 Neque
577 2574 760 2604 mecum
779 2560 953 2606 hahita.-
1020 2558 1186 2623 pater),
1200 2575 1296 2605 non
1307 2559 1469 2611 cultus,
1480 2557 1605 2619 πρὸ
1616 2571 1722 2605 cas-³

268 2620 360 2678 bit3
375 2639 526 2684 neque
542 2639 724 2671 mecum
733 2626 782 2669 in
792 2625 955 2684 efidexn
983 2645 989 2650 ⁴
1020 2637 1094 2671 tos
1111 2637 1157 2671 et
1169 2628 1437 2672 innocentes
1450 2626 1588 2686 punit
1604 2641 1707 2673 cum

270 2691 375 2736 navi
392 2691 606 2750 vehetur,
627 2693 708 2752 qui
726 2707 853 2744 sacra
872 2693 955 2737 Ce-
1022 2694 1173 2753 impiis
1194 2702 1238 2739 et
1255 2693 1540 2740 incestuosis.

280 2769 323 2800 Ἰ,

1057 2825 1076 2846 Ι
