1747 2988
399 146 864 198 CARMINUM
900 148 1045 194 LIB.
1084 149 1194 194 111.
1442 145 1506 202 (37

246 239 475 290 Divitum
496 236 676 285 mensis
690 247 741 284 et
759 236 912 283 amica
932 236 1126 298 templis
1138 268 1154 296 ‚

245 311 336 360 Dic
354 309 533 361 modos
552 308 687 372 Lyde
706 307 889 370 quihus
909 306 1176 354 obstinatas

630 379 863 443 Applicet
882 394 1050 436 aures3

246 454 324 501 Tu
342 463 486 517 potes
505 451 650 514 tigres
668 448 973 512 comitesque
993 450 1137 496 silvas

244 525 466 583 Ducere,
484 533 534 568 et
551 522 684 571 rivos
703 521 883 568 celeres
904 520 1101 566 morari.

248 594 404 644 Cessit
422 593 650 641 immanis
670 588 792 639 tibi³
805 590 1081 638 blandienti

631 664 828 710 Janitor
849 661 972 709 aulae

192 737 201 745 “
250 736 515 794 Cerberus3
536 728 762 798 quamvis
782 733 955 779 furiale
972 743 1177 780 eentum

250 807 488 856 Muniant
506 821 688 869 angues
706 815 858 868 eaput
877 804 1009 866 ejus,
1027 815 1175 869 atque

251 878 464 942 Spiritus
484 887 610 923 teter
627 875 885 938 saniesque
906 886 1071 922 manet

642 948 744 992 Ore
763 945 1003 1009 trilingui.

253 1020 396 1080 Quin
414 1028 464 1064 et
481 1017 628 1064 Ixion
648 1016 921 1081 Tityosque
939 1017 1085 1064 vultu
1129 1044 1130 1047 =

253 1091 383 1137 Risit
402 1089 589 1135 invito:
610 1088 747 1135 stetit
765 1104 891 1134 urna
908 1085 1117 1152 ,paulum

254 1161 417 1220 Sicca,
435 1159 557 1205 dum
577 1169 714 1223 grato
734 1159 891 1221 Danai
906 1159 1094 1222 puellas

641 1214 866 1279 Carmine
882 1230 1086 1275 mulces.

251 1301 440 1350 Audiat
457 1300 592 1364 Lyde
605 1301 771 1348 scelus
788 1311 937 1363 atque
953 1310 1097 1347 notas

253 1374 521 1437 Virgilium
542 1388 737 1437 poenas,
756 1382 806 1418 et
823 1372 968 1418 inane
985 1369 1203 1435 lymphae

258 1443 463 1492 Doliuin
483 1442 644 1490 fundo
662 1443 916 1507 pereuntis
934 1442 1036 1488 imo
1048 1475 1064 1502 .‚

647 1517 859 1575 Seraque
880 1513 977 1559 fata

261 1589 390 1649 Quae
408 1595 609 1644 manent
628 1583 817 1646 culpas
815 1582 962 1628 etiam
982 1582 1075 1628 sub
1100 1582 1248 1627 Orco.

257 1659 455 1722 Impiae‚
476 1660 625 1721 (nam
645 1654 768 1731 quid
786 1664 994 1717 potuere
1015 1649 1271 1730 majusP>

257 1731 429 1794 Impiae
447 1744 658 1793 sponsos
675 1736 886 1792 potuere
906 1725 1034 1774 duro

560 1849 564 1856 .
650 1797 870 1864 Perdere
876 1797 1030 1844 ferro!

260 1875 375 1919 Una
393 1871 454 1918 de
476 1866 672 1928 inultis,
690 1868 790 1915 face
811 1868 1024 1932 nuptiali

259 1943 449 2006 Digna,
469 1940 728 2006 perjurum
747 1940 875 1987 fuit·
861 1957 914 1986 ιιι
931 1956 1020 2004 pai
1022 1950 1186 1986 entem

265 2008 563 2080 Splendide⁴
570 2012 807 2071 mendax,
825 2022 875 2058 et
892 2012 947 2058 in
966 2027 1113 2059 omne
1136 2011 1273 2074 virgo

651 2078 845 2130 Nobilis
865 2099 1053 2129 aevum:
1291 2136 1297 2143 ¹

267 2159 454 2228 Surge,
473 2171 581 2218 quae
603 2153 762 2201 dixit
746 2155 921 2218 juveni
941 2153 1143 2211 marim,
1203 2203 1206 2206 ,

269 2221 453 2307 Surge,
470 2243 533 2276 ne
549 2226 728 2289 longus
748 2226 840 2271 tibi
865 2241 1071 2294 somnus
1082 2256 1099 2282 ,
1116 2219 1248 2267 unde

264 2298 387 2345 Non
407 2289 574 2356 times,
594 2295 762 2343 detur:
783 2289 1013 2366 εοοειιιιιι
1032 2304 1081 2366 et
1101 2291 1320 2338 scelestas

658 2368 781 2415 Falle
802 2381 1019 2418 sorores·
1009 2400 1021 2422 ‚
1075 2397 1080 2400 Α

270 2419 425 2499 Quae,
444 2435 582 2485 velut
601 2449 755 2484 nactae
773 2436 958 2483 vitulos
976 2429 1165 2491 leaenae,
1240 2471 1245 2480 .

272 2511 535 2572 Singulos,
553 2510 704 2557 eheu!
724 2508 951 2555 lacerant.
971 2508 1097 2570 Ego,
1115 2504 1207 2550 illis

269 2581 503 2641 Mollior,
523 2597 613 2627 nec
635 2591 682 2627 te
701 2578 899 2640 feriam,
917 2592 1079 2640 neque
1099 2576 1229 2620 intra

1145 1507 1153 1518 '
1180 1500 1214 1534 f

150 2709 181 2757 3
204 2708 317 2755 Tibi
338 2706 509 2755 blande
529 2708 722 2753 canenti.
919 2706 950 2753 1
975 2694 1277 2744 Laudabilitei
1322 2692 1533 2737 mendax.
