1747 2988
379 80 988 132 EPISTOLARUM
1023 84 1171 131 LIB.
1210 84 1248 131 1.
1438 85 1538 130 225

31 171 233 221 Man&
261 169 443 231 cliens,
463 183 512 218 et
530 171 628 234 jam
652 165 840 219 ⁹certus
858 173 1097 231 conviva,
1114 170 1320 233 jubetur

31 249 212 293 Rura
242 240 786 289 suburbana¹⁰indictis
808 259 977 290 comes
996 241 1076 305 ire)
1085 243 1286 289 Latinis.

31 313 359 378 [mpositus
377 313 573 360 mannis
593 329 769 360 arvum
791 313 1075 377 coelumque
1094 312 1332 359 sabinum
1405 336 1406 343 κ

31 388 189 435 Non
217 393 379 431 cessat
396 383 612 432 laudare.
637 383 815 444 Videt,
830 383 1061 449 ridetque
1081 383 1368 446 Philippus:

31 460 105 507 Et
120 489 146 516 3
173 452 285 503 sibi
309 453 432 501 dum
455 455 674 517 requiem
691 487 707 514 ‚
727 454 848 501 dnm
867 455 995 502 risus
1014 455 1240 518 undique
1259 453 1465 517 quaerit,

31 531 217 576 Dum
242 534 434 587 septem
454 524 605 574 donat
624 525 868 585 sestertia,
889 537 1062 573 mutua
1082 537 1269 589 septem

31 596 366 652 Promittit,
384 596 648 658 persuadet
664 596 740 643 uti
760 608 1005 645 mercetur
1023 597 1252 659 agellum.

31 671 367 716 Mereatur:
385 681 449 712 ne
469 677 517 713 te
535 667 699 731 longis
715 666 1004 731 ambagibus
1024 666 1154 715 ultra

31 736 251 801 Quium
269 737 388 789 satis
407 749 479 784 est
498 754 685 797 morer3
704 754 768 785 ex
784 738 947 797 m'tido
967 737 1025 785 fit
1042 738 1285 796 rusticus,
1303 746 1452 799 atque

31 809 260 858 Sulcos
274 817 332 854 vet
350 807 516 855 vineta
535 804 702 872 crepat
719 825 878 868 mera,
901 819 1143 873 praeparat
1160 809 1350 867 ulmos,

31 879 380 929 Immoritur
416 879 593 926 studiis
605 911 622 939 ‚
642 889 691 925 et
710 895 876 926 amore
896 880 1103 927 senescit
1121 878 1353 926 habendi.

31 954 167 999 Ver
175 948 274 997 hm
294 948 385 1001 ubi
403 966 521 997 oves
540 950 704 1011 furto,
724 948 902 997 morbo
923 951 1111 1014 periere
1130 949 1325 1015 capellae
1338 982 1355 1013 ,

32 1025 231 1086 Spem
252 1021 460 1066 mentita
478 1037 640 1084 seges,
657 1021 749 1068 bos
767 1032 843 1068 est
860 1032 1060 1081 enectus
1081 1022 1289 1080 arand03

35 1092 324 1142 Offensus
343 1089 561 1151 damnis,
579 1091 738 1139 media
761 1092 820 1138 de
841 1104 989 1141 nocte
1011 1092 1258 1140 caballum

37 1162 307 1225 Arripit,
327 1161 582 1224 iratusque
604 1163 828 1226 Philippi
846 1164 1008 1210 tendit
1026 1163 1088 1210 ad
1108 1162 1249 1210 aedes,

42 1235 253 1296 Quem
275 1231 425 1280 simul
446 1233 639 1296 aspexit
661 1232 889 1280 scabrum
909 1234 1274 1297 intonsumque
1291 1230 1477 1296 Philip-

220 1318 347 1366 P¹1⁸9
389 1331 460 1340 ‘-

38 1377 280 1433 Durus,
303 1373 395 1434 ait,
412 1374 585 1422 Vultei
596 1408 612 1434 .,
628 1373 1151 1440 nimisnattentusque
1167 1373 1347 1422 videris

41 1448 190 1494 Esse
213 1443 343 1491 mihi
360 1472 430 1480 —
447 1446 537 1492 Pol
550 1477 565 1505 ‚
585 1463 662 1493 me
681 1447 914 1493 miserum
926 1480 943 1508 ,
959 1458 1193 1513 patrone,
1214 1458 1438 1504 vocares,

45 1519 115 1567 Si
136 1516 335 1576 velles,
353 1517 544 1579 inquit,
563 1533 735 1564 verum
752 1517 877 1564 mihi
894 1534 1081 1581 ponere
1101 1533 1304 1565 nomen.

47 1586 237 1651 Quod
263 1598 312 1634 te
330 1603 420 1650 per
439 1588 673 1648 Genium,
692 1588 1033 1651 dextramque,
1050 1590 1281 1651 Deosque
1298 1588 1503 1633 Penates

48 1660 307 1709 Obsecro
326 1669 374 1705 et
393 1658 642 1719 obtestor,
661 1659 774 1706 vitae
794 1676 872 1718 me
893 1659 1042 1706 redde
1060 1659 1230 1722 priori.
1249 1685 1321 1695 -—-

52 1729 361 1792 Qui-semel
380 1730 570 1793 aspexit
588 1729 832 1794 quantum
854 1730 1051 1777 dimissa
1069 1731 1237 1793 petitis

50 1804 346 1859 Praestent,
365 1800 557 1847 mature
580 1801 745 1848 redeat
758 1834 775 1861 ‚
793 1811 1080 1865 repetatque
1100 1800 1295 1848 relicta.-

54 1870 256 1921 Metiri
274 1886 326 1918 se
345 1888 594 1935 quemque
614 1888 708 1921 suo
725 1871 936 1921 modulo
956 1888 1011 1919 ac
1028 1872 1173 1937 pede'
1185 1873 1381 1920 ²verum
1402 1881 1489 1919 est.

133 2025 175 2073 9
196 2010 506 2067 Quotidianus
525 2015 730 2060 conviva.
780 2053 786 2058 .
906 2030 923 2061 1
938 2031 958 2061 1
992 2014 1197 2061 Attentus
1226 2013 1286 2061 ad
1310 2031 1408 2061 rem
1423 2048 1437 2070 ,
1464 2016 1514 2061 id

145 2091 213 2123 10
240 2079 385 2123 Feriis
411 2071 581 2126 Latinis
607 2096 633 2125 a
657 2097 767 2127 con—
831 2090 902 2129 est
918 2097 1092 2127 avarus.

59 2144 179 2194 sule
197 2145 447 2207 imperatis.
906 2162 966 2206 η
982 2149 1193 2210 Aequum
1211 2156 1293 2203 est>
