1747 2988
471 163 806 212 EPODON
848 161 1109 210 LIBER.
1344 187 1350 202 »
1386 166 1505 244 *113

608 456 822 522 ODE
892 458 979 524 V.

232 604 321 653 IN
369 570 801 653 cAleAM
844 603 1351 654 VENEFICAM.
1416 675 1427 679 -

148 707 224 792 Α
238 762 296 805 τ,
315 761 348 793 ο
365 746 588 793 Deorum
608 744 855 809 quidquid
871 745 928 792 in
945 746 1070 793 eoelo
1089 746 1215 809 regit

392 817 565 863 Terras
584 826 634 862 et
652 816 933 863 humanum
954 819 1133 879 genus!

152 886 293 949 Quid
309 887 403 933 iste
422 886 519 933 fert
537 887 821 952 tumultus?
839 896 890 932 et
909 886 1031 950 quid
1049 887 1276 935 omnium

397 957 585 1003 Vultus
601 956 658 1003 in
675 971 835 1003 unum
857 973 935 1006 me
953 959 1145 1005 truces?

149 1030 242 1076 Per
260 1027 445 1075 liberos
464 1038 539 1086 te,
559 1028 600 1074 si
619 1038 791 1091 vpcata
809 1028 1052 1090 partubus

291 1101 299 1107 ‘
396 1098 582 1144 Lucina
602 1099 729 1145 veris
747 1098 932 1159 adfuit,

146 1171 242 1217 Per
260 1167 391 1215 hoe
378 1184 534 1217 mane
541 1185 779 1232 purpurae
788 1169 974 1228 decus,
993 1186 1168 1233 precor
1179 1204 1195 1230 ‚

397 1240 494 1285 Per
510 1239 911 1321 improbaturum
925 1235 1035 1286 haec
1054 1243 1234 1288 Jovem
1246 1274 1263 1301 ‚

149 1297 296 1371 Quid
314 1319 374 1356 ut
390 1325 602 1356 noverca
621 1326 699 1356 me
717 1310 954 1370 intueris,
972 1321 1059 1358 aut
1077 1311 1152 1357 uti

383 1380 558 1426 Petita
577 1379 708 1428 ferro
726 1381 911 1428 bellua
902 1382 923 1415 3’

149 1453 222 1500 Ut
239 1450 347 1499 haec
365 1451 596 1499 trementi
614 1463 818 1516 questus
838 1468 951 1512 ore,
973 1452 1198 1500 constitit

402 1523 687 1585 Insignibus
704 1523 858 1585 raptis
878 1538 1031 1585 puer,

151 1592 371 1658 Impube
390 1608 572 1656 corpus
583 1626 599 1652 ‚
620 1594 765 1655 quale
782 1603 951 1655 posset
968 1592 1122 1655 impia

399 1664 599 1711 Mollire
618 1663 867 1710 'Phracum
888 1673 1116 1726 pectora3

150 1734 384 1794 Canidia,
401 1733 638 1781 brevibus
655 1735 904 1797 implicata
921 1734 1106 1797 viperis

405 1804 575 1852 Crines
594 1816 644 1851 et
659 1804 976 1867 incomptum
995 1817 1170 1869 caput,

150 1877 185 1922 J
188 1876 314 1923 ubet
331 1876 570 1939 sepulcris
588 1873 843 1939 caprificos
861 1885 1025 1923 erutas
1037 1909 1053 1935 ‚

404 1948 436 1992 J
439 1946 559 1993 ubet
576 1962 835 2010 cupressos
855 1946 1086 1995 funebres
1096 1982 1114 2008 ‚

154 2018 214 2064 Et
232 2027 386 2065 uncta
405 2018 567 2080 turpis
589 2033 681 2064 ova
701 2034 829 2064 ranae
845 2020 1107 2081 sanguinet,

405 2089 731 2150 Plumamque
747 2099 1007 2136 noeturnae
1027 2091 1187 2152 strigis
1197 2121 1215 2149 ‚

153 2157 445 2222 Rei-basque
464 2174 586 2221 quas
604 2159 767 2206 Iolcos
784 2170 932 2223 atque
951 2160 1108 2206 Iberia

406 2229 567 2276 Mittit
586 2245 895 2277 venenorum
914 2229 1048 2276 ferax
1060 2262 1076 2288 ‚

147 2298 217 2345 Et
235 2315 345 2346 ossa
362 2298 424 2346 ab
444 2315 532 2347 ore
549 2311 686 2363 rapta
703 2299 884 2362 jejunae
903 2301 1063 2358 canis,

404 2370 637 2417 Flammis
656 2370 798 2417 aduri
818 2369 1079 2418 Colchicis.
1114 2377 1121 2384 '

150 2436 227 2485 At
240 2439 259 2461 ²
272 2440 500 2504 expedita
521 2444 729 2504 Sagana,
745 2457 836 2504 per
855 2451 1011 2486 totam
1031 2439 1239 2491 domum

169 2554 204 2583 ·
229 2550 233 2555 .
405 2514 646 2575 Spargens
664 2510 913 2559 avernales
931 2526 1106 2572 aquas,

149 2644 190 2675 2
224 2632 400 2695 Sagana
419 2634 667 2679 succincta.
698 2635 780 2678 Est
843 2631 1072 2678 veneficae.

74 2712 266 2744 nomen
305 2700 550 2761 proprium
594 2699 778 2746 alterius
1040 2716 1048 2722 ’

1240 2794 1314 2824 ιο.
