1747 2988
230 168 294 214 5⁸
548 167 618 243 .Q·
653 166 1011 215 nonA‘rn
1043 138 1341 218 FL'Acm

372 256 669 318 Nostrisque
690 255 901 304 ductum
917 256 1247 304 seditionibus
1291 260 1302 271 ⁶

369 323 565 374 Bellum
584 326 778 374 resedit.
798 329 1045 376 Protenus
1063 339 1112 374 et
1131 342 1299 392 graves

437 400 566 456 Iras,
584 407 633 445 et
652 399 870 447 invisum
889 409 1123 463 nepotem
1134 431 1151 460 ‚

510 468 685 516 Troica
703 485 852 533 quem
871 470 1065 533 peperit
1082 470 1336 529 sacerdos,

371 539 522 587 Marti
539 538 812 588 redonabo!
827 541 976 588 11111111
996 556 1088 603 ego
1106 539 1296 588 lucidas

368 611 499 658 Inire
517 610 654 658 sedes
667 642 685 670 ‚
705 611 883 658 ducere
905 611 1115 658 nectaris

440 684 649 741 Succos,
671 693 720 729 et
737 680 947 739 adscribi
965 674 1147 743 quietis

509 751 784 799 Ordinibus
808 753 965 815 patiar
984 751 1211 799 deorum.

367 824 504 869 Dum
520 823 702 887 longus
723 822 854 870 inter
871 823 1037 870 saeviat
1057 823 1187 877 Ilion

368 892 680 961 Romamque
698 904 916 959 pontus3
937 892 1159 958 qualibet
1177 893 1347 940 exules

437 967 498 1012 In
516 975 654 1026 parte
672 977 911 1029 reg-nanto
929 965 1086 1013 beati:

448 1028 453 1043 ³
475 1043 478 1046 ’
507 1036 645 1080 Dum
661 1037 843 1081 Priami
859 1036 1147 1099 Paridisque
1158 1034 1313 1082 busto

367 1104 580 1152 Insultet
598 1115 905 1164 armentum,
925 1115 975 1151 et
994 1106 1183 1153 catulos
1202 1105 1316 1153 feras

371 1175 543 1223 Celent
560 1175 758 1234 inultae3
777 1185 873 1224 stet
890 1176 1191 1239 Capitolium

437 1245 676 1310 Fingens,
695 1246 1116 1311 triumphatisque
1141 1247 1301 1311 possit

476 1322 479 1327 “
509 1317 670 1363 Roma
687 1316 830 1364 ferox
849 1317 964 1364 dare
982 1317 1091 1379 jura
1112 1318 1287 1364 Medis.

367 1385 625 1432 Horrenda
641 1387 738 1433 late
755 1403 943 1435 nomen
961 1389 1015 1437 in
1034 1388 1233 1436 ultimas

365 1454 611 1506 Extendat
629 1473 763 1517 oras3
784 1456 883 1523 qua
904 1458 1098 1506 medius
1113 1457 1283 1530 liquor

439 1530 661 1577 secernit
677 1531 924 1613 Europen
930 1529 991 1577 ab
1010 1518 1134 1578 Afro
1145 1564 1161 1589 ,
1233 1563 1258 1600 χ

510 1600 624 1661 Qua
643 1601 866 1650 tumidus
886 1603 1010 1665 rigat
1026 1617 1140 1648 arva
1158 1602 1330 1649 Nilus:

368 1668 595 1724 Aurum'
611 1673 909 1734 irrepertum
920 1704 936 1732 ‚
954 1683 1005 1719 et
1022 1673 1091 1721 sic
1109 1670 1283 1720 melius
1302 1670 1455 1718 situm

369 1740 546 1801 Quum
566 1751 693 1788 terra
713 1744 837 1790 celat
851 1775 867 1802 ‚
886 1743 1115 1806 spernere
1134 1742 1312 1808 fortior
1325 1772 1343 1799 ‚

441 1810 607 1871 Quam
629 1827 802 1875 cogere
820 1814 1067 1862 humanos
1085 1814 1140 1864 in
1159 1828 1303 1870 usus,

502 1882 673 1928 Omne
692 1898 886 1930 sacrum
908 1885 1126 1947 rapiente
1147 1881 1332 1929 dextra.

368 1952 691 2015 Quicumque
705 1954 898 2001 mundo
917 1955 1157 2010 terminus
1172 1951 1383 2012 obstitit,

367 2021 518 2068 Hunc
537 2033 704 2086 tangat
721 2025 895 2085 armis,
913 2027 1067 2072 visere
1085 2025 1335 2092 gestiens

440 2093 553 2153 Qua
571 2104 710 2157 parte
730 2095 1123 2144 debacchentur
1109 2112 1271 2159 ignes,

509 2164 623 2224 Qua
641 2165 836 2213 nebulae
852 2167 1136 2230 pluviique
1135 2181 1286 2214 rores.
1691 2195 1710 2234 3

303 2267 333 2292 ·a
366 2232 464 2283 Sed
476 2223 722 2283 bellicosis
741 2237 838 2284 fata
857 2236 1140 2298 Quiritibus

366 2301 469 2353 Hac
487 2306 592 2369 lege
613 2307 752 2368 dico,
774 2324 862 2368 ne,
877 2306 1088 2354 111111111111
1106 2308 1175 2372 pii
1192 2340 1209 2369 ,

438 2376 707 2441 Rebusque
726 2377 961 2438 fidentes,
979 2380 1120 2426 avitae

505 2449 548 2494 Τ
550 2459 654 2494 ecta
671 2449 829 2495 velint
851 2465 1071 2513 reparare
1090 2447 1267 2509 Troiae.

364 2516 526 2579 Trojae
544 2531 802 2565 renascens
820 2521 934 2567 alite
952 2520 1155 2585 lugubri
1720 2545 1722 2610 1

299 2637 318 2667 1
338 2622 469 2668 Ordo
481 2632 569 2668 est:
557 2622 822 2668 Horrenda
831 2625 915 2669 Ro·
978 2641 1114 2680 nere,
1132 2623 1181 2669 id
1199 2632 1268 2670 est
1280 2621 1449 2669 fortior
1464 2621 1525 2668 ad
1540 2639 1654 2684 sper
1667 2629 1678 2673 2

226 2703 300 2733 ma
320 2701 493 2734 nomen
511 2703 647 2734 suum
665 2690 714 2733 in
733 2689 914 2736 ultimas
979 2691 1183 2748 nendum
1196 2705 1360 2738 aurum
1375 2689 1519 2752 quam
1535 2707 1677 2753 coge

224 2764 447 2800 terrarum
459 2770 563 2799 oras
576 2755 810 2810 extendat,
822 2758 914 2802 Ro·
979 2773 1044 2805 re

125 2805 299 2897 -Ῥ
324 2818 573 2885 (inquam)
596 2819 768 2867 fortior
784 2837 914 2884 sper
