<?xml version="1.0" encoding="UTF-8"?>
<!DOCTYPE html PUBLIC "-//W3C//DTD XHTML 1.0 Transitional//EN"
    "http://www.w3.org/TR/xhtml1/DTD/xhtml1-transitional.dtd">
<html xmlns="http://www.w3.org/1999/xhtml" xml:lang="en" lang="en">
 <head>
  <title>
</title>
<meta http-equiv="Content-Type" content="text/html;charset=utf-8" />
  <meta name='ocr-system' content='tesseract 3.04.00' />
  <meta name='ocr-capabilities' content='ocr_page ocr_carea ocr_par ocr_line ocrx_word'/>
</head>
<body>
  <div class='ocr_page' id='page_1' title='image "./quintushoratius03horagoog_0173.png"; bbox 0 0 1747 2988; ppageno 0'>
   <div class='ocr_carea' id='block_1_1' title="bbox 446 143 1541 193">
    <p class='ocr_par' dir='ltr' id='par_1_1' title="bbox 446 143 1541 193">
     <span class='ocr_line' id='line_1_1' title="bbox 446 143 1541 193; baseline 0.001 -2"><span class='ocrx_word' id='word_1_1' title='bbox 446 143 943 191; x_wconf 75' lang='lat' dir='ltr'>SATIRARUM</span> <span class='ocrx_word' id='word_1_2' title='bbox 978 145 1126 193; x_wconf 88' lang='lat' dir='ltr'>LIB.</span> <span class='ocrx_word' id='word_1_3' title='bbox 1169 148 1210 193; x_wconf 89' lang='lat'>1.</span> <span class='ocrx_word' id='word_1_4' title='bbox 1450 147 1541 193; x_wconf 78' lang='lat'>161</span> 
     </span>
    </p>
   </div>
   <div class='ocr_carea' id='block_1_2' title="bbox 71 227 1518 579">
    <p class='ocr_par' dir='ltr' id='par_1_2' title="bbox 71 227 1518 579">
     <span class='ocr_line' id='line_1_2' title="bbox 74 227 1269 295; baseline 0.006 -22"><span class='ocrx_word' id='word_1_5' title='bbox 74 227 199 274; x_wconf 77' lang='lat' dir='ltr'>Sub</span> <span class='ocrx_word' id='word_1_6' title='bbox 220 228 394 277; x_wconf 83' lang='lat' dir='ltr'>cultro</span> <span class='ocrx_word' id='word_1_7' title='bbox 412 230 613 294; x_wconf 83' lang='lat' dir='ltr'><strong>linquit.</strong></span> <span class='ocrx_word' id='word_1_8' title='bbox 641 232 768 280; x_wconf 84' lang='lat' dir='ltr'>Casu</span> <span class='ocrx_word' id='word_1_9' title='bbox 788 232 927 279; x_wconf 88' lang='lat' dir='ltr'>venit</span> <span class='ocrx_word' id='word_1_10' title='bbox 945 231 1124 280; x_wconf 83' lang='lat' dir='ltr'>obvius</span> <span class='ocrx_word' id='word_1_11' title='bbox 1142 234 1216 280; x_wconf 89' lang='lat' dir='ltr'>illi</span> <span class='ocrx_word' id='word_1_12' title='bbox 1262 278 1269 295; x_wconf 45' lang='lat' dir='ltr'><strong><em>s</em></strong></span> 
     </span>
     <span class='ocr_line' id='line_1_3' title="bbox 71 296 1326 367; baseline 0.005 -23"><span class='ocrx_word' id='word_1_13' title='bbox 71 296 455 349; x_wconf 73' lang='lat' dir='ltr'>Adversarius:</span> <span class='ocrx_word' id='word_1_14' title='bbox 476 313 551 361; x_wconf 88' lang='lat' dir='ltr'>et.,</span> <span class='ocrx_word' id='word_1_15' title='bbox 572 301 691 362; x_wconf 75' lang='lat' dir='ltr'>Quo</span> <span class='ocrx_word' id='word_1_16' title='bbox 711 314 765 349; x_wconf 87' lang='lat' dir='ltr'>tu</span> <span class='ocrx_word' id='word_1_17' title='bbox 778 335 795 362; x_wconf 88' lang='lat'>‚</span> <span class='ocrx_word' id='word_1_18' title='bbox 817 303 1132 367; x_wconf 73' lang='lat' dir='ltr'>turpissime?</span> <span class='ocrx_word' id='word_1_19' title='bbox 1151 300 1326 367; x_wconf 52' lang='lat' dir='ltr'>magna</span> 
     </span>
     <span class='ocr_line' id='line_1_4' title="bbox 75 369 1338 437; baseline 0.003 -22"><span class='ocrx_word' id='word_1_20' title='bbox 75 369 356 417; x_wconf 77' lang='lat' dir='ltr'><strong>Exclamat</strong></span> <span class='ocrx_word' id='word_1_21' title='bbox 373 387 520 432; x_wconf 87' lang='lat' dir='ltr'>voce;</span> <span class='ocrx_word' id='word_1_22' title='bbox 544 383 619 429; x_wconf 76' lang='lat' dir='ltr'>et,</span> <span class='ocrx_word' id='word_1_23' title='bbox 632 369 649 396; x_wconf 84' lang='lat'><strong><em>⁴</em></strong></span> <span class='ocrx_word' id='word_1_24' title='bbox 662 373 797 421; x_wconf 86' lang='lat' dir='ltr'>Licet</span> <span class='ocrx_word' id='word_1_25' title='bbox 816 374 1079 421; x_wconf 75' lang='lat' dir='ltr'>antestari?</span> <span class='ocrx_word' id='word_1_26' title='bbox 1096 374 1207 437; x_wconf 70' lang='lat' dir='ltr'>Ego’</span> <span class='ocrx_word' id='word_1_27' title='bbox 1221 377 1338 421; x_wconf 69' lang='lat' dir='ltr'>vero</span> 
     </span>
     <span class='ocr_line' id='line_1_5' title="bbox 82 439 1518 509; baseline 0.003 -22"><span class='ocrx_word' id='word_1_28' title='bbox 82 443 325 505; x_wconf 77' lang='lat' dir='ltr'>Oppono</span> <span class='ocrx_word' id='word_1_29' title='bbox 345 443 617 490; x_wconf 80' lang='lat' dir='ltr'>auriculam</span> <span class='ocrx_word' id='word_1_30' title='bbox 636 459 647 489; x_wconf 92' lang='lat'>:</span> <span class='ocrx_word' id='word_1_31' title='bbox 666 445 795 507; x_wconf 82' lang='lat' dir='ltr'>rapit</span> <span class='ocrx_word' id='word_1_32' title='bbox 813 443 867 490; x_wconf 88' lang='lat' dir='ltr'>in</span> <span class='ocrx_word' id='word_1_33' title='bbox 884 443 990 506; x_wconf 82' lang='lat' dir='ltr'>jus:</span> <span class='ocrx_word' id='word_1_34' title='bbox 1013 444 1200 492; x_wconf 83' lang='lat' dir='ltr'>clamor</span> <span class='ocrx_word' id='word_1_35' title='bbox 1217 446 1455 509; x_wconf 84' lang='lat' dir='ltr'>utrinque</span> <span class='ocrx_word' id='word_1_36' title='bbox 1466 461 1482 503; x_wconf 88' lang='lat'>;</span> <span class='ocrx_word' id='word_1_37' title='bbox 1511 439 1518 444; x_wconf 71' lang='grc'><strong>’</strong></span> 
     </span>
     <span class='ocr_line' id='line_1_6' title="bbox 90 512 1313 579; baseline 0.003 -20"><span class='ocrx_word' id='word_1_38' title='bbox 90 512 341 575; x_wconf 81' lang='lat' dir='ltr'>Undique</span> <span class='ocrx_word' id='word_1_39' title='bbox 361 529 653 562; x_wconf 85' lang='lat' dir='ltr'>concursus.</span> <span class='ocrx_word' id='word_1_40' title='bbox 682 515 761 563; x_wconf 86' lang='lat' dir='ltr'>Sic</span> <span class='ocrx_word' id='word_1_41' title='bbox 782 530 861 561; x_wconf 85' lang='lat' dir='ltr'>me</span> <span class='ocrx_word' id='word_1_42' title='bbox 881 516 1095 562; x_wconf 81' lang='lat' dir='ltr'>servavit</span> <span class='ocrx_word' id='word_1_43' title='bbox 1113 515 1313 579; x_wconf 84' lang='lat' dir='ltr'>Apollo.</span> 
     </span>
    </p>
   </div>
   <div class='ocr_carea' id='block_1_3' title="bbox 101 677 402 695">
    <p class='ocr_par' dir='ltr' id='par_1_3' title="bbox 101 677 402 695">
     <span class='ocr_line' id='line_1_7' title="bbox 101 677 402 695; baseline 0 2293"><span class='ocrx_word' id='word_1_44' title='bbox 101 677 402 695; x_wconf 95' lang='lat' dir='ltr'> </span> 
     </span>
    </p>
   </div>
   <div class='ocr_carea' id='block_1_4' title="bbox 404 672 683 698">
    <p class='ocr_par' dir='ltr' id='par_1_4' title="bbox 404 672 683 698">
     <span class='ocr_line' id='line_1_8' title="bbox 404 672 683 698; baseline 0.007 -2"><span class='ocrx_word' id='word_1_45' title='bbox 404 672 683 698; x_wconf 56' lang='lat' dir='ltr'>mmm</span> 
     </span>
    </p>
   </div>
   <div class='ocr_carea' id='block_1_5' title="bbox 554 761 1100 860">
    <p class='ocr_par' dir='ltr' id='par_1_5' title="bbox 554 761 1100 860">
     <span class='ocr_line' id='line_1_9' title="bbox 554 761 1100 860; baseline 0.01 -5.01"><span class='ocrx_word' id='word_1_46' title='bbox 554 761 946 860; x_wconf 77' lang='lat' dir='ltr'><strong>SATIRA</strong></span> <span class='ocrx_word' id='word_1_47' title='bbox 1008 794 1100 859; x_wconf 84' lang='lat' dir='ltr'>x.</span> 
     </span>
    </p>
   </div>
   <div class='ocr_carea' id='block_1_6' title="bbox 83 900 1411 1211">
    <p class='ocr_par' dir='ltr' id='par_1_6' title="bbox 83 900 1386 1074">
     <span class='ocr_line' id='line_1_10' title="bbox 87 900 1386 1004; baseline 0.002 -18"><span class='ocrx_word' id='word_1_48' title='bbox 87 900 212 986; x_wconf 71' lang='lat' dir='ltr'>Nn</span> <span class='ocrx_word' id='word_1_49' title='bbox 224 955 270 985; x_wconf 70' lang='lat' dir='ltr'>u</span> <span class='ocrx_word' id='word_1_50' title='bbox 281 954 309 985; x_wconf 79' lang='lat' dir='ltr'>r</span> <span class='ocrx_word' id='word_1_51' title='bbox 320 954 351 984; x_wconf 72' lang='lat' dir='ltr'>z</span> <span class='ocrx_word' id='word_1_52' title='bbox 369 938 707 1004; x_wconf 81' lang='lat' dir='ltr'>incomposito</span> <span class='ocrx_word' id='word_1_53' title='bbox 728 939 834 987; x_wconf 82' lang='lat' dir='ltr'>dixi</span> <span class='ocrx_word' id='word_1_54' title='bbox 851 936 979 1003; x_wconf 84' lang='lat' dir='ltr'>pede</span> <span class='ocrx_word' id='word_1_55' title='bbox 996 955 1195 988; x_wconf 83' lang='lat' dir='ltr'>currere</span> <span class='ocrx_word' id='word_1_56' title='bbox 1214 956 1386 989; x_wconf 78' lang='lat' dir='ltr'>versus</span> 
     </span>
     <span class='ocr_line' id='line_1_11' title="bbox 83 1009 1226 1074; baseline 0 -16"><span class='ocrx_word' id='word_1_57' title='bbox 83 1009 272 1058; x_wconf 79' lang='lat' dir='ltr'>Lucili.</span> <span class='ocrx_word' id='word_1_58' title='bbox 303 1010 435 1070; x_wconf 80' lang='lat' dir='ltr'>Quis</span> <span class='ocrx_word' id='word_1_59' title='bbox 454 1022 556 1058; x_wconf 84' lang='lat' dir='ltr'>tam</span> <span class='ocrx_word' id='word_1_60' title='bbox 575 1011 734 1058; x_wconf 78' lang='lat' dir='ltr'>Lucili</span> <span class='ocrx_word' id='word_1_61' title='bbox 754 1011 921 1058; x_wconf 85' lang='lat' dir='ltr'>fautor</span> <span class='ocrx_word' id='word_1_62' title='bbox 940 1011 1108 1074; x_wconf 75' lang='lat' dir='ltr'>inepte</span> <span class='ocrx_word' id='word_1_63' title='bbox 1125 1023 1226 1071; x_wconf 83' lang='lat' dir='ltr'>est,</span> 
     </span>
    </p>

    <p class='ocr_par' dir='ltr' id='par_1_7' title="bbox 83 1080 1411 1211">
     <span class='ocr_line' id='line_1_12' title="bbox 83 1080 1411 1151; baseline 0.002 -23"><span class='ocrx_word' id='word_1_64' title='bbox 83 1081 162 1128; x_wconf 87' lang='lat' dir='ltr'>Ut</span> <span class='ocrx_word' id='word_1_65' title='bbox 183 1094 298 1128; x_wconf 87' lang='lat' dir='ltr'>non</span> <span class='ocrx_word' id='word_1_66' title='bbox 318 1080 420 1128; x_wconf 89' lang='lat' dir='ltr'>hoc</span> <span class='ocrx_word' id='word_1_67' title='bbox 438 1081 680 1133; x_wconf 81' lang='lat' dir='ltr'>fateatur?</span> <span class='ocrx_word' id='word_1_68' title='bbox 703 1084 773 1129; x_wconf 81' lang='lat' dir='ltr'>At</span> <span class='ocrx_word' id='word_1_69' title='bbox 791 1081 952 1139; x_wconf 80' lang='lat' dir='ltr'>idem,</span> <span class='ocrx_word' id='word_1_70' title='bbox 971 1082 1110 1151; x_wconf 74' lang='lat' dir='ltr'>quod</span> <span class='ocrx_word' id='word_1_71' title='bbox 1129 1083 1227 1130; x_wconf 87' lang='lat' dir='ltr'>sale</span> <span class='ocrx_word' id='word_1_72' title='bbox 1248 1083 1411 1131; x_wconf 87' lang='lat' dir='ltr'>multo</span> 
     </span>
     <span class='ocr_line' id='line_1_13' title="bbox 86 1147 1242 1211; baseline 0 -11"><span class='ocrx_word' id='word_1_73' title='bbox 86 1151 288 1200; x_wconf 84' lang='lat' dir='ltr'>Urbem</span> <span class='ocrx_word' id='word_1_74' title='bbox 307 1147 328 1174; x_wconf 89' lang='lat'>⁵</span> <span class='ocrx_word' id='word_1_75' title='bbox 342 1150 601 1211; x_wconf 72' lang='lat' dir='ltr'>defricuit,</span> <span class='ocrx_word' id='word_1_76' title='bbox 620 1153 788 1200; x_wconf 57' lang='lat' dir='ltr'>chart-&#39;1</span> <span class='ocrx_word' id='word_1_77' title='bbox 806 1153 1038 1200; x_wconf 86' lang='lat' dir='ltr'>laudatur</span> <span class='ocrx_word' id='word_1_78' title='bbox 1056 1152 1242 1201; x_wconf 87' lang='lat' dir='ltr'>eadem.</span> 
     </span>
    </p>
   </div>
   <div class='ocr_carea' id='block_1_7' title="bbox 684 676 1341 699">
    <p class='ocr_par' dir='ltr' id='par_1_8' title="bbox 684 676 1341 699">
     <span class='ocr_line' id='line_1_14' title="bbox 684 676 1341 699; baseline 0 2289"><span class='ocrx_word' id='word_1_79' title='bbox 684 676 1341 699; x_wconf 95' lang='lat' dir='ltr'> </span> 
     </span>
    </p>
   </div>
   <div class='ocr_carea' id='block_1_8' title="bbox 81 1218 1622 1287">
    <p class='ocr_par' dir='ltr' id='par_1_9' title="bbox 81 1218 1622 1287">
     <span class='ocr_line' id='line_1_15' title="bbox 81 1218 1622 1287; baseline 0.001 -17"><span class='ocrx_word' id='word_1_80' title='bbox 81 1223 195 1270; x_wconf 83' lang='lat' dir='ltr'>Nec</span> <span class='ocrx_word' id='word_1_81' title='bbox 207 1232 382 1270; x_wconf 81' lang='lat' dir='ltr'>tamen</span> <span class='ocrx_word' id='word_1_82' title='bbox 391 1222 489 1270; x_wconf 88' lang='lat' dir='ltr'>hoc</span> <span class='ocrx_word' id='word_1_83' title='bbox 501 1222 724 1271; x_wconf 83' lang='lat' dir='ltr'>tribuens</span> <span class='ocrx_word' id='word_1_84' title='bbox 733 1218 954 1270; x_wconf 69' lang='lat' dir='ltr'>dederim</span> <span class='ocrx_word' id='word_1_85' title='bbox 963 1240 1167 1287; x_wconf 87' lang='lat' dir='ltr'>quoqne</span> <span class='ocrx_word' id='word_1_86' title='bbox 1176 1235 1348 1271; x_wconf 89' lang='lat' dir='ltr'>cetera</span> <span class='ocrx_word' id='word_1_87' title='bbox 1338 1240 1465 1270; x_wconf 79' lang='lat' dir='ltr'>·nam</span> <span class='ocrx_word' id='word_1_88' title='bbox 1476 1226 1549 1271; x_wconf 79' lang='lat' dir='ltr'>sie</span> <span class='ocrx_word' id='word_1_89' title='bbox 1612 1234 1622 1240; x_wconf 76' lang='lat'><strong><em>⁴</em></strong></span> 
     </span>
    </p>
   </div>
   <div class='ocr_carea' id='block_1_9' title="bbox 83 1291 1555 2418">
    <p class='ocr_par' dir='ltr' id='par_1_10' title="bbox 83 1291 1347 1358">
     <span class='ocr_line' id='line_1_16' title="bbox 83 1291 1347 1358; baseline -0.001 -16"><span class='ocrx_word' id='word_1_90' title='bbox 83 1296 148 1342; x_wconf 79' lang='lat' dir='ltr'>Et</span> <span class='ocrx_word' id='word_1_91' title='bbox 166 1291 354 1341; x_wconf 76' lang='lat' dir='ltr'>Laberi</span> <span class='ocrx_word' id='word_1_92' title='bbox 371 1294 577 1353; x_wconf 77' lang='lat' dir='ltr'>mimos,</span> <span class='ocrx_word' id='word_1_93' title='bbox 596 1306 654 1342; x_wconf 88' lang='lat' dir='ltr'>ut</span> <span class='ocrx_word' id='word_1_94' title='bbox 672 1293 884 1358; x_wconf 79' lang='lat' dir='ltr'>pulchra</span> <span class='ocrx_word' id='word_1_95' title='bbox 901 1297 1156 1356; x_wconf 80' lang='lat' dir='ltr'>poemata,</span> <span class='ocrx_word' id='word_1_96' title='bbox 1174 1294 1347 1341; x_wconf 59' lang='lat' dir='ltr'>mirer:</span> 
     </span>
    </p>

    <p class='ocr_par' dir='ltr' id='par_1_11' title="bbox 83 1364 1169 1429">
     <span class='ocr_line' id='line_1_17' title="bbox 83 1364 1169 1429; baseline -0.001 -18"><span class='ocrx_word' id='word_1_97' title='bbox 83 1366 224 1429; x_wconf 83' lang='lat' dir='ltr'>Ergo</span> <span class='ocrx_word' id='word_1_98' title='bbox 245 1379 357 1419; x_wconf 84' lang='lat' dir='ltr'>non</span> <span class='ocrx_word' id='word_1_99' title='bbox 375 1365 491 1411; x_wconf 79' lang='lat' dir='ltr'>satis</span> <span class='ocrx_word' id='word_1_100' title='bbox 510 1377 586 1413; x_wconf 85' lang='lat' dir='ltr'>est</span> <span class='ocrx_word' id='word_1_101' title='bbox 605 1365 709 1413; x_wconf 85' lang='lat' dir='ltr'>risu</span> <span class='ocrx_word' id='word_1_102' title='bbox 729 1364 966 1414; x_wconf 79' lang='lat' dir='ltr'>diducere</span> <span class='ocrx_word' id='word_1_103' title='bbox 985 1364 1169 1411; x_wconf 85' lang='lat' dir='ltr'>rictum</span> 
     </span>
    </p>

    <p class='ocr_par' dir='ltr' id='par_1_12' title="bbox 84 1434 1551 1643">
     <span class='ocr_line' id='line_1_18' title="bbox 86 1434 1497 1501; baseline 0 -18"><span class='ocrx_word' id='word_1_104' title='bbox 86 1434 387 1493; x_wconf 76' lang='lat' dir='ltr'>Auditoris:</span> <span class='ocrx_word' id='word_1_105' title='bbox 407 1447 456 1483; x_wconf 88' lang='lat' dir='ltr'>et</span> <span class='ocrx_word' id='word_1_106' title='bbox 474 1446 548 1483; x_wconf 83' lang='lat' dir='ltr'>est</span> <span class='ocrx_word' id='word_1_107' title='bbox 566 1435 790 1501; x_wconf 83' lang='lat' dir='ltr'>quaedam</span> <span class='ocrx_word' id='word_1_108' title='bbox 813 1447 979 1483; x_wconf 81' lang='lat' dir='ltr'>tamen</span> <span class='ocrx_word' id='word_1_109' title='bbox 996 1435 1079 1482; x_wconf 83' lang='lat' dir='ltr'>hic</span> <span class='ocrx_word' id='word_1_110' title='bbox 1097 1451 1302 1499; x_wconf 83' lang='lat' dir='ltr'>quoque</span> <span class='ocrx_word' id='word_1_111' title='bbox 1319 1436 1497 1483; x_wconf 83' lang='lat' dir='ltr'>virtus.</span> 
     </span>
     <span class='ocr_line' id='line_1_19' title="bbox 84 1501 1551 1570; baseline 0 -16"><span class='ocrx_word' id='word_1_112' title='bbox 84 1508 178 1554; x_wconf 81' lang='lat' dir='ltr'>Est</span> <span class='ocrx_word' id='word_1_113' title='bbox 195 1506 625 1570; x_wconf 78' lang='lat' dir='ltr'>brevitateopus,</span> <span class='ocrx_word' id='word_1_114' title='bbox 645 1520 702 1556; x_wconf 88' lang='lat' dir='ltr'>nt</span> <span class='ocrx_word' id='word_1_115' title='bbox 721 1518 888 1554; x_wconf 86' lang='lat' dir='ltr'>currat</span> <span class='ocrx_word' id='word_1_116' title='bbox 906 1507 1173 1565; x_wconf 78' lang='lat' dir='ltr'>sententia,</span> <span class='ocrx_word' id='word_1_117' title='bbox 1191 1523 1292 1554; x_wconf 89' lang='lat' dir='ltr'>neu</span> <span class='ocrx_word' id='word_1_118' title='bbox 1309 1523 1361 1554; x_wconf 88' lang='lat' dir='ltr'>se</span> <span class='ocrx_word' id='word_1_119' title='bbox 1545 1501 1551 1512; x_wconf 77' lang='grc'><strong>”</strong></span> 
     </span>
     <span class='ocr_line' id='line_1_20' title="bbox 86 1575 1213 1643; baseline -0.004 -16"><span class='ocrx_word' id='word_1_120' title='bbox 86 1576 348 1643; x_wconf 68' lang='grc' dir='ltr'>ῙιιιΡοάἰαῑ</span> <span class='ocrx_word' id='word_1_121' title='bbox 365 1578 530 1628; x_wconf 84' lang='lat' dir='ltr'>verbis</span> <span class='ocrx_word' id='word_1_122' title='bbox 548 1578 693 1625; x_wconf 79' lang='lat' dir='ltr'>lassas</span> <span class='ocrx_word' id='word_1_123' title='bbox 712 1575 1037 1625; x_wconf 87' lang='lat' dir='ltr'>onerantibus</span> <span class='ocrx_word' id='word_1_124' title='bbox 1055 1593 1213 1623; x_wconf 85' lang='lat' dir='ltr'>aures.</span> 
     </span>
    </p>

    <p class='ocr_par' dir='ltr' id='par_1_13' title="bbox 87 1645 1404 1917">
     <span class='ocr_line' id='line_1_21' title="bbox 87 1645 1370 1713; baseline -0.002 -16"><span class='ocrx_word' id='word_1_125' title='bbox 87 1651 153 1697; x_wconf 80' lang='lat' dir='ltr'>Et</span> <span class='ocrx_word' id='word_1_126' title='bbox 173 1663 413 1697; x_wconf 83' lang='lat' dir='ltr'>sermone</span> <span class='ocrx_word' id='word_1_127' title='bbox 431 1666 561 1713; x_wconf 80' lang='lat' dir='ltr'>opus</span> <span class='ocrx_word' id='word_1_128' title='bbox 580 1660 655 1696; x_wconf 84' lang='lat' dir='ltr'>est</span> <span class='ocrx_word' id='word_1_129' title='bbox 675 1647 828 1697; x_wconf 69' lang='lat' dir='ltr'>modo</span> <span class='ocrx_word' id='word_1_130' title='bbox 847 1647 1004 1705; x_wconf 81' lang='lat' dir='ltr'>tristi,</span> <span class='ocrx_word' id='word_1_131' title='bbox 1024 1645 1152 1711; x_wconf 72' lang='lat' dir='ltr'>saepe</span> <span class='ocrx_word' id='word_1_132' title='bbox 1170 1647 1370 1709; x_wconf 83' lang='lat' dir='ltr'>jocoso,</span> 
     </span>
     <span class='ocr_line' id='line_1_22' title="bbox 89 1714 1404 1783; baseline -0.003 -14"><span class='ocrx_word' id='word_1_133' title='bbox 89 1718 419 1769; x_wconf 78' lang='lat' dir='ltr'>Defendente</span> <span class='ocrx_word' id='word_1_134' title='bbox 433 1714 623 1767; x_wconf 67' lang='lat' dir='ltr'>⁶&#39;v&#39;icem</span> <span class='ocrx_word' id='word_1_135' title='bbox 646 1718 800 1768; x_wconf 69' lang='lat' dir='ltr'>modo</span> <span class='ocrx_word' id='word_1_136' title='bbox 819 1716 1032 1766; x_wconf 82' lang='lat' dir='ltr'>rhetoris</span> <span class='ocrx_word' id='word_1_137' title='bbox 1050 1729 1198 1781; x_wconf 84' lang='lat' dir='ltr'>atque</span> <span class='ocrx_word' id='word_1_138' title='bbox 1215 1720 1404 1783; x_wconf 66' lang='lat' dir='ltr'>poetae,</span> 
     </span>
     <span class='ocr_line' id='line_1_23' title="bbox 88 1788 1261 1855; baseline -0.003 -15"><span class='ocrx_word' id='word_1_139' title='bbox 88 1789 368 1840; x_wconf 85' lang='lat' dir='ltr'>Interdum</span> <span class='ocrx_word' id='word_1_140' title='bbox 387 1790 592 1850; x_wconf 78' lang='lat' dir='ltr'>urbani,</span> <span class='ocrx_word' id='word_1_141' title='bbox 609 1791 854 1855; x_wconf 87' lang='lat' dir='ltr'>parcentis</span> <span class='ocrx_word' id='word_1_142' title='bbox 875 1788 1092 1848; x_wconf 74' lang='lat' dir='ltr'>viribus,</span> <span class='ocrx_word' id='word_1_143' title='bbox 1111 1800 1261 1852; x_wconf 87' lang='lat' dir='ltr'>atque</span> 
     </span>
     <span class='ocr_line' id='line_1_24' title="bbox 89 1859 1244 1917; baseline -0.005 -5"><span class='ocrx_word' id='word_1_144' title='bbox 89 1862 435 1917; x_wconf 80' lang='lat' dir='ltr'>Extenuantis</span> <span class='ocrx_word' id='word_1_145' title='bbox 457 1879 535 1909; x_wconf 82' lang='lat' dir='ltr'>eas</span> <span class='ocrx_word' id='word_1_146' title='bbox 554 1861 803 1911; x_wconf 72' lang='lat' dir='ltr'>consulto.</span> <span class='ocrx_word' id='word_1_147' title='bbox 831 1859 1123 1908; x_wconf 85' lang='lat' dir='ltr'>Ridiculum</span> <span class='ocrx_word' id='word_1_148' title='bbox 1143 1861 1244 1907; x_wconf 85' lang='lat' dir='ltr'>acri</span> 
     </span>
    </p>

    <p class='ocr_par' dir='ltr' id='par_1_14' title="bbox 90 1931 1370 1997">
     <span class='ocr_line' id='line_1_25' title="bbox 90 1931 1370 1997; baseline 0 -17"><span class='ocrx_word' id='word_1_149' title='bbox 90 1931 308 1988; x_wconf 78' lang='lat' dir='ltr'>Fortius</span> <span class='ocrx_word' id='word_1_150' title='bbox 331 1942 380 1978; x_wconf 84' lang='lat' dir='ltr'>et</span> <span class='ocrx_word' id='word_1_151' title='bbox 399 1931 576 1980; x_wconf 73' lang='lat' dir='ltr'>melius</span> <span class='ocrx_word' id='word_1_152' title='bbox 597 1948 796 1997; x_wconf 83' lang='lat' dir='ltr'>magnas</span> <span class='ocrx_word' id='word_1_153' title='bbox 814 1932 1112 1996; x_wconf 84' lang='lat' dir='ltr'>plerumque</span> <span class='ocrx_word' id='word_1_154' title='bbox 1132 1942 1260 1979; x_wconf 84' lang='lat' dir='ltr'>secat</span> <span class='ocrx_word' id='word_1_155' title='bbox 1279 1948 1370 1981; x_wconf 86' lang='lat' dir='ltr'>res.</span> 
     </span>
    </p>

    <p class='ocr_par' dir='ltr' id='par_1_15' title="bbox 89 2002 1555 2210">
     <span class='ocr_line' id='line_1_26' title="bbox 89 2002 1555 2068; baseline -0.003 -14"><span class='ocrx_word' id='word_1_156' title='bbox 89 2005 173 2054; x_wconf 88' lang='lat' dir='ltr'>Illi</span> <span class='ocrx_word' id='word_1_157' title='bbox 185 2037 205 2064; x_wconf 80' lang='lat'><strong>‚</strong></span> <span class='ocrx_word' id='word_1_158' title='bbox 227 2002 416 2066; x_wconf 70' lang='lat' dir='ltr'>scripta</span> <span class='ocrx_word' id='word_1_159' title='bbox 436 2003 620 2066; x_wconf 84' lang='lat' dir='ltr'>quibus</span> <span class='ocrx_word' id='word_1_160' title='bbox 638 2003 883 2052; x_wconf 84' lang='lat' dir='ltr'>comoedia</span> <span class='ocrx_word' id='word_1_161' title='bbox 902 2003 1062 2066; x_wconf 84' lang='lat' dir='ltr'>prisca</span> <span class='ocrx_word' id='word_1_162' title='bbox 1081 2004 1198 2050; x_wconf 81' lang='lat' dir='ltr'>viris</span> <span class='ocrx_word' id='word_1_163' title='bbox 1217 2014 1316 2062; x_wconf 79' lang='lat' dir='ltr'>est,</span> <span class='ocrx_word' id='word_1_164' title='bbox 1536 2029 1555 2068; x_wconf 66' lang='lat' dir='ltr'>f</span> 
     </span>
     <span class='ocr_line' id='line_1_27' title="bbox 95 2071 1553 2138; baseline -0.003 -15"><span class='ocrx_word' id='word_1_165' title='bbox 95 2078 214 2124; x_wconf 79' lang='lat' dir='ltr'>Hoc</span> <span class='ocrx_word' id='word_1_166' title='bbox 237 2071 438 2122; x_wconf 87' lang='lat' dir='ltr'>stabant</span> <span class='ocrx_word' id='word_1_167' title='bbox 450 2107 468 2132; x_wconf 78' lang='lat'><strong>‚</strong></span> <span class='ocrx_word' id='word_1_168' title='bbox 486 2074 585 2122; x_wconf 88' lang='lat' dir='ltr'>hoc</span> <span class='ocrx_word' id='word_1_169' title='bbox 603 2085 722 2122; x_wconf 85' lang='lat' dir='ltr'>sunt</span> <span class='ocrx_word' id='word_1_170' title='bbox 739 2072 994 2132; x_wconf 85' lang='lat' dir='ltr'>imitandi3</span> <span class='ocrx_word' id='word_1_171' title='bbox 1016 2089 1144 2138; x_wconf 84' lang='lat' dir='ltr'>quos</span> <span class='ocrx_word' id='word_1_172' title='bbox 1163 2089 1325 2138; x_wconf 86' lang='lat' dir='ltr'>neque</span> <span class='ocrx_word' id='word_1_173' title='bbox 1342 2072 1553 2137; x_wconf 86' lang='lat' dir='ltr'>pulcher</span> 
     </span>
     <span class='ocr_line' id='line_1_28' title="bbox 89 2144 1382 2210; baseline -0.004 -17"><span class='ocrx_word' id='word_1_174' title='bbox 89 2147 447 2207; x_wconf 84' lang='lat' dir='ltr'>Hermogenes</span> <span class='ocrx_word' id='word_1_175' title='bbox 467 2162 702 2210; x_wconf 88' lang='lat' dir='ltr'>umquam</span> <span class='ocrx_word' id='word_1_176' title='bbox 725 2146 870 2209; x_wconf 86' lang='lat' dir='ltr'>legit,</span> <span class='ocrx_word' id='word_1_177' title='bbox 889 2160 1051 2206; x_wconf 90' lang='lat' dir='ltr'>neque</span> <span class='ocrx_word' id='word_1_178' title='bbox 1072 2144 1246 2191; x_wconf 83' lang='lat' dir='ltr'>simius</span> <span class='ocrx_word' id='word_1_179' title='bbox 1263 2144 1382 2202; x_wconf 75' lang='lat' dir='ltr'>iste,</span> 
     </span>
    </p>

    <p class='ocr_par' dir='ltr' id='par_1_16' title="bbox 91 2214 1481 2418">
     <span class='ocr_line' id='line_1_29' title="bbox 91 2214 1481 2281; baseline -0.004 -15"><span class='ocrx_word' id='word_1_180' title='bbox 91 2218 185 2266; x_wconf 78' lang='lat' dir='ltr'>Nil</span> <span class='ocrx_word' id='word_1_181' title='bbox 204 2217 619 2281; x_wconf 82' lang='lat' dir='ltr'>praeter&#39;Cal&#39;vum</span> <span class='ocrx_word' id='word_1_182' title='bbox 641 2228 689 2263; x_wconf 87' lang='lat' dir='ltr'>et</span> <span class='ocrx_word' id='word_1_183' title='bbox 709 2215 887 2263; x_wconf 83' lang='lat' dir='ltr'>doctus</span> <span class='ocrx_word' id='word_1_184' title='bbox 904 2225 1098 2261; x_wconf 86' lang='lat' dir='ltr'>cantare</span> <span class='ocrx_word' id='word_1_185' title='bbox 1122 2214 1390 2261; x_wconf 85' lang='lat' dir='ltr'>Catullum.</span> <span class='ocrx_word' id='word_1_186' title='bbox 1409 2241 1481 2249; x_wconf 90' lang='lat'>—</span> 
     </span>
     <span class='ocr_line' id='line_1_30' title="bbox 93 2283 1335 2351; baseline -0.005 -16"><span class='ocrx_word' id='word_1_187' title='bbox 93 2289 169 2336; x_wconf 74' lang='lat' dir='ltr'>At</span> <span class='ocrx_word' id='word_1_188' title='bbox 191 2302 438 2350; x_wconf 66' lang='lat' dir='ltr'>magnum</span> <span class='ocrx_word' id='word_1_189' title='bbox 460 2287 600 2345; x_wconf 76' lang='lat' dir='ltr'>fecit,</span> <span class='ocrx_word' id='word_1_190' title='bbox 620 2287 759 2351; x_wconf 74' lang='lat' dir='ltr'>quod</span> <span class='ocrx_word' id='word_1_191' title='bbox 773 2286 942 2333; x_wconf 84' lang='lat' dir='ltr'>&#39;verbis</span> <span class='ocrx_word' id='word_1_192' title='bbox 962 2284 1130 2331; x_wconf 81' lang='lat' dir='ltr'>Graeca</span> <span class='ocrx_word' id='word_1_193' title='bbox 1148 2283 1335 2330; x_wconf 84' lang='lat' dir='ltr'>Latinis</span> 
     </span>
     <span class='ocr_line' id='line_1_31' title="bbox 92 2354 1304 2418; baseline -0.005 -11"><span class='ocrx_word' id='word_1_194' title='bbox 92 2358 332 2407; x_wconf 77' lang='lat' dir='ltr'>Miscuit.</span> <span class='ocrx_word' id='word_1_195' title='bbox 351 2369 426 2394; x_wconf 69' lang='lat'>—-‘</span> <span class='ocrx_word' id='word_1_196' title='bbox 441 2359 485 2405; x_wconf 93' lang='lat' dir='ltr'>O</span> <span class='ocrx_word' id='word_1_197' title='bbox 506 2359 598 2405; x_wconf 79' lang='lat' dir='ltr'>seri</span> <span class='ocrx_word' id='word_1_198' title='bbox 617 2357 927 2405; x_wconf 75' lang='lat' dir='ltr'>studiorum!</span> <span class='ocrx_word' id='word_1_199' title='bbox 949 2355 1100 2417; x_wconf 81' lang='lat' dir='ltr'>quine</span> <span class='ocrx_word' id='word_1_200' title='bbox 1118 2354 1304 2418; x_wconf 83' lang='lat' dir='ltr'>putetis</span> 
     </span>
    </p>
   </div>
   <div class='ocr_carea' id='block_1_10' title="bbox 95 2476 1557 2762">
    <p class='ocr_par' dir='ltr' id='par_1_17' title="bbox 95 2476 1554 2739">
     <span class='ocr_line' id='line_1_32' title="bbox 166 2476 1218 2542; baseline -0.006 -16"><span class='ocrx_word' id='word_1_201' title='bbox 166 2485 202 2534; x_wconf 73' lang='grc'><em>4</em></span> <span class='ocrx_word' id='word_1_202' title='bbox 221 2482 266 2526; x_wconf 92' lang='grc' dir='ltr'><strong>Ο</strong></span> <span class='ocrx_word' id='word_1_203' title='bbox 277 2481 465 2542; x_wconf 82' lang='lat' dir='ltr'>Horati,</span> <span class='ocrx_word' id='word_1_204' title='bbox 482 2480 648 2526; x_wconf 80' lang='lat' dir='ltr'>licetne</span> <span class='ocrx_word' id='word_1_205' title='bbox 659 2490 705 2525; x_wconf 83' lang='lat' dir='ltr'>te</span> <span class='ocrx_word' id='word_1_206' title='bbox 714 2489 800 2525; x_wconf 73' lang='lat' dir='ltr'>tes·</span> <span class='ocrx_word' id='word_1_207' title='bbox 867 2476 1018 2524; x_wconf 76' lang='lat' dir='ltr'>acrius</span> <span class='ocrx_word' id='word_1_208' title='bbox 1035 2477 1218 2523; x_wconf 58' lang='lat' dir='ltr'>notarit.</span> 
     </span>
     <span class='ocr_line' id='line_1_33' title="bbox 95 2544 1557 2610; baseline -0.001 -19"><span class='ocrx_word' id='word_1_209' title='bbox 95 2549 197 2594; x_wconf 74' lang='lat' dir='ltr'>terii</span> <span class='ocrx_word' id='word_1_210' title='bbox 230 2547 397 2593; x_wconf 75' lang='lat' dir='ltr'>facere&#39;</span> <span class='ocrx_word' id='word_1_211' title='bbox 417 2548 467 2592; x_wconf 86' lang='lat' dir='ltr'>in</span> <span class='ocrx_word' id='word_1_212' title='bbox 494 2548 619 2593; x_wconf 86' lang='lat' dir='ltr'>hunc</span> <span class='ocrx_word' id='word_1_213' title='bbox 641 2563 802 2610; x_wconf 77' lang='lat' dir='ltr'>gan-u·-</span> <span class='ocrx_word' id='word_1_214' title='bbox 935 2544 968 2590; x_wconf 86' lang='lat'><strong>6</strong></span> <span class='ocrx_word' id='word_1_215' title='bbox 987 2546 1115 2605; x_wconf 80' lang='lat' dir='ltr'>Opus</span> <span class='ocrx_word' id='word_1_216' title='bbox 1127 2554 1194 2590; x_wconf 88' lang='lat' dir='ltr'>est</span> <span class='ocrx_word' id='word_1_217' title='bbox 1204 2559 1415 2591; x_wconf 86' lang='lat' dir='ltr'>sermone</span> <span class='ocrx_word' id='word_1_218' title='bbox 1426 2552 1557 2590; x_wconf 78' lang='lat' dir='ltr'>tuen·</span> 
     </span>
     <span class='ocr_line' id='line_1_34' title="bbox 95 2611 1554 2666; baseline -0.003 -6"><span class='ocrx_word' id='word_1_219' title='bbox 95 2615 238 2661; x_wconf 79' lang='lat' dir='ltr'>lum?</span> <span class='ocrx_word' id='word_1_220' title='bbox 347 2633 368 2643; x_wconf 70' lang='lat'>,.</span> <span class='ocrx_word' id='word_1_221' title='bbox 871 2622 920 2658; x_wconf 87' lang='lat' dir='ltr'>te</span> <span class='ocrx_word' id='word_1_222' title='bbox 957 2627 1124 2658; x_wconf 85' lang='lat' dir='ltr'>munus</span> <span class='ocrx_word' id='word_1_223' title='bbox 1165 2625 1289 2657; x_wconf 82' lang='lat' dir='ltr'>nuuc</span> <span class='ocrx_word' id='word_1_224' title='bbox 1330 2611 1525 2657; x_wconf 73' lang='lat' dir='ltr'>rhetoris</span> <span class='ocrx_word' id='word_1_225' title='bbox 1540 2642 1554 2666; x_wconf 90' lang='lat'>,</span> 
     </span>
     <span class='ocr_line' id='line_1_35' title="bbox 175 2662 1161 2762; baseline -0.007 -32"><span class='ocrx_word' id='word_1_226' title='bbox 175 2684 208 2730; x_wconf 79' lang='lat'><strong><em>5</em></strong></span> <span class='ocrx_word' id='word_1_227' title='bbox 246 2680 394 2739; x_wconf 84' lang='lat' dir='ltr'>Quod</span> <span class='ocrx_word' id='word_1_228' title='bbox 421 2682 542 2762; x_wconf 79' lang='lat' dir='ltr'>cives</span> <span class='ocrx_word' id='word_1_229' title='bbox 568 2662 825 2727; x_wconf 73' lang='lat' dir='ltr'>Romanos</span> <span class='ocrx_word' id='word_1_230' title='bbox 869 2695 1020 2739; x_wconf 77' lang='lat' dir='ltr'>nunc,</span> <span class='ocrx_word' id='word_1_231' title='bbox 1018 2677 1084 2723; x_wconf 66' lang='grc'><strong>’8.</strong></span> <span class='ocrx_word' id='word_1_232' title='bbox 1089 2693 1161 2725; x_wconf 89' lang='lat' dir='ltr'>c.</span> 
     </span>
    </p>
   </div>
   <div class='ocr_carea' id='block_1_11' title="bbox 1271 2751 1348 2800">
    <p class='ocr_par' dir='ltr' id='par_1_18' title="bbox 1271 2751 1348 2800">
     <span class='ocr_line' id='line_1_36' title="bbox 1271 2751 1348 2800; baseline 0.026 -10"><span class='ocrx_word' id='word_1_233' title='bbox 1271 2751 1348 2800; x_wconf 77' lang='lat'>14.</span> 
     </span>
    </p>
   </div>
  </div>
 </body>
</html>
