1747 2988
363 133 972 183 EPISTOLARUM
1018 137 1165 184 Lm.
1209 138 1249 184 1.
1430 145 1528 221 247

33 220 514 291 Quem⁷Mandela
529 224 686 284 bibit,
704 240 919 288 rugosus
938 223 1121 289 frigore
1136 220 1294 292 pagus
1304 257 1321 285 ‚

38 297 229 362 Quid
247 295 430 343 sentire
449 296 628 359 putas?
647 295 770 359 quid
789 294 974 355 credis,
995 297 1174 357 amice,
1191 296 1410 361 precari?

53 372 146 420 Sit
167 367 308 416 mihi
327 367 467 431 quod
485 383 623 414 nune
642 377 742 427 est,
762 369 909 414 etiam
929 366 1120 415 minus:
1140 379 1190 415 et
1207 369 1332 418 mihi
1349 369 1515 416 vivam

58 439 249 504 Quod
267 448 495 502 superest
511 438 630 498 aevi3
653 439 693 486 si
713 438 837 502 quid
855 443 1111 502 superesse
1130 439 1310 487 volunt
1328 439 1416 487 Di:

57 515 149 562 sit
171 511 321 558 bona
337 509 580 558 librorum
601 520 650 557 et
668 510 879 574 provisae
897 509 1053 574 frugis
1070 511 1125 557 in
1143 519 1332 569 annum

61 583 271 647 Copia3
290 597 392 628 neu
410 580 603 628 fluitem
622 581 784 629 dubiae
805 597 893 645 spe
910 580 1331 644 pendulusrhorae.

64 653 176 704 Sed
200 652 323 699 satis
343 662 417 698 est
435 668 573 699 orare
592 655 771 700 Jovem
791 669 904 717 quae
923 651 1078 700 donat
1094 663 1143 699 et
1163 651 1323 699 aufert
1336 668 1351 698 τ

63 728 180 773 Det
196 724 385 783 vitam,
399 722 482 770 det
495 740 639 787 opes;
654 740 854 788 aequum
869 723 940 770 mi
954 724 1177 770 animum
1192 724 1296 788 ipse
1308 721 1511 787 parabo.

82 889 197 907 m

1235 872 1518 906 mm

382 1002 949 1089 EPISTOLA
1016 1005 1251 1071 xlx.
1317 958 1348 1051 s

454 1150 561 1198 AD
597 1151 1180 1200 MAECENATEM.

69 1258 190 1344 Pu
205 1310 225 1339 1
235 1309 260 1339 s
271 1308 299 1339 c
310 1307 341 1339 o
358 1291 400 1338 si
418 1290 575 1339 eredis
585 1323 603 1351 ,
618 1292 859 1339 Maecenas
880 1291 1051 1351 docte,
1070 1291 1273 1340 Cratino
1283 1325 1301 1352 ‚

70 1364 242 1418 Nulla
259 1363 450 1427 placere
471 1359 558 1409 diii
577 1378 669 1410 nec
686 1364 854 1410 vivere
872 1364 1085 1410 carmina
1102 1375 1343 1427 possunt,

74 1440 223 1501 Quae
243 1434 533 1482 scribuntur
550 1446 689 1497 aquae
706 1435 998 1499 potoribus:
1020 1430 1231 1483 ut⁸male
1246 1451 1391 1482 sanos
1442 1459 1446 1463 v

69 1507 340 1571 Ascripsit
356 1505 501 1553 Liber
521 1507 704 1571 Satyris
720 1508 1001 1569 Faunisque
1020 1510 1218 1569 poetas,

72 1582 225 1628 vina
245 1577 346 1624 fere
366 1577 533 1625 dulces
552 1577 789 1624 oluerunt
807 1577 951 1624 mane
972 1579 1235 1626 cananeum.-

71 1649 351 1701 Laudibus
369 1650 593 1713 arg-uitur
610 1649 714 1695 vini
732 1648 940 1707 vinosus
958 1648 1231 1695 Homerus:

73 1722 288 1773 Ennius
306 1721 410 1784 ipse
428 1732 568 1784 pater
586 1736 863 1784 numquam
875 1751 891 1779 ‚
911 1720 1007 1766 nisi
1025 1730 1205 1783 potus,
1223 1719 1285 1766 ad
1303 1735 1436 1767 arma

73 1791 334 1846 Prosiluit
352 1791 571 1839 dicenda.
601 1786 835 1850 «⁹Forum
852 1790 1123 1854 putealque
1138 1790 1343 1839 Libonis

77 1889 104 1908 «ι
125 1862 390 1913 Mandabo
410 1864 578 1922 siccis,
601 1862 812 1908 adimam
831 1871 1027 1909 cantare
1045 1863 1228 1910 severis
1248 1884 1287 1910 n.

77 1934 225 1984 Hoc¹
239 1934 411 1981 ‘’simul
430 1934 611 1993 edixit,
632 1950 740 1982 non
757 1944 1006 1981 cessavere
1022 1936 1185 2001 poetae

78 2009 364 2057 Nocturno
383 2017 565 2052 certare
585 2022 749 2066 mero,
765 2017 942 2070 putere
962 2004 1161 2053 diurno.

84 2078 267 2141 Quid,
286 2077 329 2142 si
346 2078 457 2140 quis
475 2073 622 2123 vultu
641 2088 787 2125 torvo
806 2076 941 2128 ferus
960 2087 1010 2124 et
1027 2077 1153 2140 pede
1171 2075 1313 2124 nudo

79 2151 401 2214 Exiguaeque
419 2159 544 2212 togae
563 2148 762 2195 simulet
783 2157 977 2195 textore
998 2147 1233 2195 Catonem
1246 2178 1263 2205 ‚

160 2288 199 2334 ·7
229 2269 448 2317 Mandela
475 2279 543 2317 est
567 2271 788 2332 pagus‘in
920 2283 953 2331 9
981 2270 1074 2315 Res
1091 2266 1298 2313 forenses
1317 2276 1363 2313 et
1380 2269 1538 2315 sedern

87 2338 455 2397 Sabinis‚cujus
470 2339 634 2384 incolae
650 2338 790 2399 frigo·
851 2336 1062 2400 praetoris
1089 2351 1116 2381 a
1143 2335 1323 2382 Libone
1349 2337 1399 2381 in
1430 2331 1538 2381 foro

36 2463 39 2464 ⁷
87 2425 150 2460 re
177 2407 403 2452 contracti
428 2420 597 2467 aquam
616 2406 788 2466 Digen-
854 2403 1143 2449 collocatam.

89 2478 177 2522 tiae
195 2473 380 2519 bibunt.
930 2484 988 2515 10
1005 2471 1254 2530 Postquam
1262 2470 1437 2516 Ennius
1447 2468 1540 2515 hoe

170 2542 202 2586 8
226 2541 395 2586 Divino
420 2539 581 2586 surore
603 2554 789 2604 correp-
857 2536 982 2584 clare
1000 2536 1193 2583 dixerat.
1225 2533 1229 2538 '

95 2618 179 2657 tos
196 2616 244 2655 et
262 2617 390 2656 extra
409 2623 456 2655 se
475 2608 667 2674 positos.
