<?xml version="1.0" encoding="UTF-8"?>
<!DOCTYPE html PUBLIC "-//W3C//DTD XHTML 1.0 Transitional//EN"
    "http://www.w3.org/TR/xhtml1/DTD/xhtml1-transitional.dtd">
<html xmlns="http://www.w3.org/1999/xhtml" xml:lang="en" lang="en">
 <head>
  <title>
</title>
<meta http-equiv="Content-Type" content="text/html;charset=utf-8" />
  <meta name='ocr-system' content='tesseract 3.04.00' />
  <meta name='ocr-capabilities' content='ocr_page ocr_carea ocr_par ocr_line ocrx_word'/>
</head>
<body>
  <div class='ocr_page' id='page_1' title='image "./quintushoratius03horagoog_0073.png"; bbox 0 0 1747 2988; ppageno 0'>
   <div class='ocr_carea' id='block_1_1' title="bbox 413 159 1521 240">
    <p class='ocr_par' dir='ltr' id='par_1_1' title="bbox 413 159 1521 240">
     <span class='ocr_line' id='line_1_1' title="bbox 413 159 1521 240; baseline 0.005 -27"><span class='ocrx_word' id='word_1_1' title='bbox 413 159 877 213; x_wconf 75' lang='lat' dir='ltr'>CARM1NUM</span> <span class='ocrx_word' id='word_1_2' title='bbox 915 165 1230 215; x_wconf 73' lang='lat' dir='ltr'><strong>LIB.11L‘</strong></span> <span class='ocrx_word' id='word_1_3' title='bbox 1337 172 1343 179; x_wconf 94' lang='lat'><strong>·</strong></span> <span class='ocrx_word' id='word_1_4' title='bbox 1461 170 1521 240; x_wconf 58' lang='grc' dir='ltr'><strong>σς</strong></span> 
     </span>
    </p>
   </div>
   <div class='ocr_carea' id='block_1_2' title="bbox 166 252 1389 2652">
    <p class='ocr_par' dir='ltr' id='par_1_2' title="bbox 221 252 1314 884">
     <span class='ocr_line' id='line_1_2' title="bbox 368 252 1109 314; baseline 0.003 -16"><span class='ocrx_word' id='word_1_5' title='bbox 368 252 596 298; x_wconf 87' lang='lat' dir='ltr'><strong>Fulmine</strong></span> <span class='ocrx_word' id='word_1_6' title='bbox 619 252 878 299; x_wconf 84' lang='lat' dir='ltr'><strong>sustulerit</strong></span> <span class='ocrx_word' id='word_1_7' title='bbox 895 253 1082 301; x_wconf 81' lang='lat' dir='ltr'><strong>caduco</strong></span> <span class='ocrx_word' id='word_1_8' title='bbox 1093 287 1109 314; x_wconf 84' lang='lat'>‚</span> 
     </span>
     <span class='ocr_line' id='line_1_3' title="bbox 229 316 1314 390; baseline 0.005 -21"><span class='ocrx_word' id='word_1_9' title='bbox 229 323 335 386; x_wconf 87' lang='lat' dir='ltr'><strong>Qui</strong></span> <span class='ocrx_word' id='word_1_10' title='bbox 357 333 537 369; x_wconf 89' lang='lat' dir='ltr'><strong>terram</strong></span> <span class='ocrx_word' id='word_1_11' title='bbox 556 324 793 382; x_wconf 86' lang='lat' dir='ltr'><strong>inertem,</strong></span> <span class='ocrx_word' id='word_1_12' title='bbox 812 324 901 386; x_wconf 90' lang='lat' dir='ltr'><strong>qui</strong></span> <span class='ocrx_word' id='word_1_13' title='bbox 923 341 1054 371; x_wconf 85' lang='lat' dir='ltr'><strong>mare</strong></span> <span class='ocrx_word' id='word_1_14' title='bbox 1076 316 1314 390; x_wconf 82' lang='lat' dir='ltr'><strong>temperat</strong></span> 
     </span>
     <span class='ocr_line' id='line_1_4' title="bbox 223 390 1272 463; baseline 0.002 -21"><span class='ocrx_word' id='word_1_15' title='bbox 223 396 507 442; x_wconf 83' lang='lat' dir='ltr'><strong>&#39;Ventosum</strong></span> <span class='ocrx_word' id='word_1_16' title='bbox 522 404 607 453; x_wconf 83' lang='lat' dir='ltr'><strong>‚·et</strong></span> <span class='ocrx_word' id='word_1_17' title='bbox 624 390 796 455; x_wconf 83' lang='lat' dir='ltr'><strong>urbes,</strong></span> <span class='ocrx_word' id='word_1_18' title='bbox 817 410 1063 463; x_wconf 78' lang='lat' dir='ltr'><strong>regnaque</strong></span> <span class='ocrx_word' id='word_1_19' title='bbox 1084 397 1240 447; x_wconf 82' lang='lat' dir='ltr'><strong>tristia</strong></span> <span class='ocrx_word' id='word_1_20' title='bbox 1253 430 1272 457; x_wconf 80' lang='lat'><strong>‚</strong></span> 
     </span>
     <span class='ocr_line' id='line_1_5' title="bbox 295 464 1154 528; baseline 0.001 -16"><span class='ocrx_word' id='word_1_21' title='bbox 295 464 584 527; x_wconf 79' lang='lat' dir='ltr'><strong>Divosque,</strong></span> <span class='ocrx_word' id='word_1_22' title='bbox 601 466 934 527; x_wconf 81' lang='lat' dir='ltr'><strong>mortalesque</strong></span> <span class='ocrx_word' id='word_1_23' title='bbox 953 466 1123 513; x_wconf 78' lang='lat' dir='ltr'><strong>turbas</strong></span> <span class='ocrx_word' id='word_1_24' title='bbox 1137 500 1154 528; x_wconf 80' lang='lat'>,</span> 
     </span>
     <span class='ocr_line' id='line_1_6' title="bbox 366 535 1068 599; baseline 0.004 -18"><span class='ocrx_word' id='word_1_25' title='bbox 366 535 583 598; x_wconf 87' lang='lat' dir='ltr'><strong>Imperio</strong></span> <span class='ocrx_word' id='word_1_26' title='bbox 603 535 728 599; x_wconf 85' lang='lat' dir='ltr'><strong>regit</strong></span> <span class='ocrx_word' id='word_1_27' title='bbox 747 552 881 582; x_wconf 91' lang='lat' dir='ltr'><strong>unus</strong></span> <span class='ocrx_word' id='word_1_28' title='bbox 903 553 1068 599; x_wconf 80' lang='lat' dir='ltr'><strong>aequo:</strong></span> 
     </span>
     <span class='ocr_line' id='line_1_7' title="bbox 221 604 1240 670; baseline -0.001 -16"><span class='ocrx_word' id='word_1_29' title='bbox 221 607 470 670; x_wconf 80' lang='lat' dir='ltr'><strong>Magnum</strong></span> <span class='ocrx_word' id='word_1_30' title='bbox 489 604 571 652; x_wconf 89' lang='lat' dir='ltr'><strong>illa</strong></span> <span class='ocrx_word' id='word_1_31' title='bbox 592 617 833 653; x_wconf 86' lang='lat' dir='ltr'><strong>terrorem</strong></span> <span class='ocrx_word' id='word_1_32' title='bbox 851 607 1089 657; x_wconf 82' lang='lat' dir='ltr'><strong>intulerat</strong></span> <span class='ocrx_word' id='word_1_33' title='bbox 1108 610 1139 653; x_wconf 86' lang='lat' dir='ltr'>J</span> <span class='ocrx_word' id='word_1_34' title='bbox 1142 608 1240 656; x_wconf 71' lang='lat' dir='ltr'><strong>ovi</strong></span> 
     </span>
     <span class='ocr_line' id='line_1_8' title="bbox 221 676 1148 739; baseline 0.001 -15"><span class='ocrx_word' id='word_1_35' title='bbox 221 677 404 726; x_wconf 79' lang='lat' dir='ltr'>Fidens</span> <span class='ocrx_word' id='word_1_36' title='bbox 422 676 661 738; x_wconf 84' lang='lat' dir='ltr'><strong>juventus</strong></span> <span class='ocrx_word' id='word_1_37' title='bbox 682 676 887 724; x_wconf 86' lang='lat' dir='ltr'><strong>horrida</strong></span> <span class='ocrx_word' id='word_1_38' title='bbox 905 678 1120 725; x_wconf 86' lang='lat' dir='ltr'><strong>brachiis</strong></span> <span class='ocrx_word' id='word_1_39' title='bbox 1131 712 1148 739; x_wconf 83' lang='lat'>,</span> 
     </span>
     <span class='ocr_line' id='line_1_9' title="bbox 293 740 1044 812; baseline 0.003 -18"><span class='ocrx_word' id='word_1_40' title='bbox 293 740 587 810; x_wconf 52' lang='lat' dir='ltr'><strong>Franesque</strong></span> <span class='ocrx_word' id='word_1_41' title='bbox 608 747 1044 812; x_wconf 82' lang='lat' dir='ltr'><strong>tendentes-opaco</strong></span> 
     </span>
     <span class='ocr_line' id='line_1_10' title="bbox 365 818 1116 884; baseline 0.004 -20"><span class='ocrx_word' id='word_1_42' title='bbox 365 819 541 865; x_wconf 88' lang='lat' dir='ltr'><strong>Pelion</strong></span> <span class='ocrx_word' id='word_1_43' title='bbox 560 818 856 881; x_wconf 76' lang='lat' dir='ltr'><strong>imposuisse</strong></span> <span class='ocrx_word' id='word_1_44' title='bbox 878 821 1116 884; x_wconf 81' lang='lat' dir='ltr'><strong>Olympo.</strong></span> 
     </span>
    </p>

    <p class='ocr_par' dir='ltr' id='par_1_3' title="bbox 226 888 1322 1163">
     <span class='ocr_line' id='line_1_11' title="bbox 226 888 1322 954; baseline -0.001 -16"><span class='ocrx_word' id='word_1_45' title='bbox 226 889 324 939; x_wconf 89' lang='lat' dir='ltr'><strong>Sed</strong></span> <span class='ocrx_word' id='word_1_46' title='bbox 344 889 467 953; x_wconf 89' lang='lat' dir='ltr'><strong>quid</strong></span> <span class='ocrx_word' id='word_1_47' title='bbox 487 888 743 952; x_wconf 79' lang='lat' dir='ltr'><strong>Typhoeus</strong></span> <span class='ocrx_word' id='word_1_48' title='bbox 757 922 774 948; x_wconf 86' lang='lat'><strong>.,</strong></span> <span class='ocrx_word' id='word_1_49' title='bbox 793 897 842 935; x_wconf 91' lang='lat' dir='ltr'><strong>et</strong></span> <span class='ocrx_word' id='word_1_50' title='bbox 861 890 1054 954; x_wconf 72' lang='lat' dir='ltr'><strong>validus</strong></span> <span class='ocrx_word' id='word_1_51' title='bbox 1074 890 1277 951; x_wconf 72' lang='lat' dir='ltr'><strong>Mimas,</strong></span> <span class='ocrx_word' id='word_1_52' title='bbox 1313 888 1322 900; x_wconf 81' lang='grc'><strong>“</strong></span> 
     </span>
     <span class='ocr_line' id='line_1_12' title="bbox 226 958 1293 1023; baseline 0.003 -16"><span class='ocrx_word' id='word_1_53' title='bbox 226 963 335 1008; x_wconf 77' lang='lat' dir='ltr'><strong>Aut</strong></span> <span class='ocrx_word' id='word_1_54' title='bbox 354 959 481 1023; x_wconf 91' lang='lat' dir='ltr'><strong>quid</strong></span> <span class='ocrx_word' id='word_1_55' title='bbox 499 959 680 1013; x_wconf 78' lang='lat' dir='ltr'><strong>minaci</strong></span> <span class='ocrx_word' id='word_1_56' title='bbox 698 958 1016 1023; x_wconf 79' lang='lat' dir='ltr'>Porphyrion</span> <span class='ocrx_word' id='word_1_57' title='bbox 1036 973 1193 1023; x_wconf 78' lang='lat' dir='ltr'><strong>statu,</strong></span> <span class='ocrx_word' id='word_1_58' title='bbox 1219 982 1222 983; x_wconf 43' lang='lat'><em>⁷</em></span> <span class='ocrx_word' id='word_1_59' title='bbox 1287 1013 1293 1016; x_wconf 18' lang='grc' dir='ltr'><em>Α</em></span> 
     </span>
     <span class='ocr_line' id='line_1_13' title="bbox 299 1030 1220 1094; baseline 0.004 -17"><span class='ocrx_word' id='word_1_60' title='bbox 299 1030 440 1092; x_wconf 79' lang='lat' dir='ltr'><strong>Quid</strong></span> <span class='ocrx_word' id='word_1_61' title='bbox 460 1030 674 1077; x_wconf 81' lang='lat' dir='ltr'><strong>Rhoetus</strong></span> <span class='ocrx_word' id='word_1_62' title='bbox 689 1062 705 1089; x_wconf 88' lang='lat'><strong>‚</strong></span> <span class='ocrx_word' id='word_1_63' title='bbox 724 1031 1007 1094; x_wconf 82' lang='lat' dir='ltr'><strong>evulsisque</strong></span> <span class='ocrx_word' id='word_1_64' title='bbox 1031 1035 1220 1081; x_wconf 64' lang='lat' dir='ltr'><strong>truncis</strong></span> 
     </span>
     <span class='ocr_line' id='line_1_14' title="bbox 365 1099 1105 1163; baseline 0.001 -15"><span class='ocrx_word' id='word_1_65' title='bbox 365 1100 640 1148; x_wconf 84' lang='lat' dir='ltr'><strong>Enceladus</strong></span> <span class='ocrx_word' id='word_1_66' title='bbox 659 1099 898 1162; x_wconf 85' lang='lat' dir='ltr'><strong>jaculator</strong></span> <span class='ocrx_word' id='word_1_67' title='bbox 918 1103 1105 1163; x_wconf 83' lang='lat' dir='ltr'><strong>audax,</strong></span> 
     </span>
    </p>

    <p class='ocr_par' dir='ltr' id='par_1_4' title="bbox 166 1172 1255 1376">
     <span class='ocr_line' id='line_1_15' title="bbox 166 1172 1093 1237; baseline -0.003 -15"><span class='ocrx_word' id='word_1_68' title='bbox 166 1224 172 1229; x_wconf 60' lang='grc'><strong>,</strong></span> <span class='ocrx_word' id='word_1_69' title='bbox 226 1174 413 1222; x_wconf 87' lang='lat' dir='ltr'><strong>Contra</strong></span> <span class='ocrx_word' id='word_1_70' title='bbox 433 1183 693 1219; x_wconf 86' lang='lat' dir='ltr'><strong>sonantem</strong></span> <span class='ocrx_word' id='word_1_71' title='bbox 710 1172 920 1219; x_wconf 90' lang='lat' dir='ltr'><strong>Palladis</strong></span> <span class='ocrx_word' id='word_1_72' title='bbox 940 1174 1093 1237; x_wconf 82' lang='lat' dir='ltr'><strong>aegida</strong></span> 
     </span>
     <span class='ocr_line' id='line_1_16' title="bbox 224 1240 1217 1295; baseline 0.001 -5"><span class='ocrx_word' id='word_1_73' title='bbox 224 1246 436 1292; x_wconf 88' lang='lat' dir='ltr'><strong>Possent</strong></span> <span class='ocrx_word' id='word_1_74' title='bbox 456 1253 657 1290; x_wconf 88' lang='lat' dir='ltr'><strong>ruentes</strong></span> <span class='ocrx_word' id='word_1_75' title='bbox 668 1244 691 1290; x_wconf 70' lang='lat' dir='ltr'><strong>i&gt;</strong></span> <span class='ocrx_word' id='word_1_76' title='bbox 704 1240 721 1265; x_wconf 82' lang='lat'>⁴</span> <span class='ocrx_word' id='word_1_77' title='bbox 734 1243 863 1289; x_wconf 87' lang='lat' dir='ltr'><strong>Hinc</strong></span> <span class='ocrx_word' id='word_1_78' title='bbox 883 1244 1057 1290; x_wconf 89' lang='lat' dir='ltr'><strong>avidus</strong></span> <span class='ocrx_word' id='word_1_79' title='bbox 1077 1245 1217 1295; x_wconf 82' lang='lat' dir='ltr'><strong>stetit</strong></span> 
     </span>
     <span class='ocr_line' id='line_1_17' title="bbox 290 1313 1255 1376; baseline 0 -15"><span class='ocrx_word' id='word_1_80' title='bbox 290 1314 576 1372; x_wconf 82' lang='lat' dir='ltr'><strong>Vulcanus3</strong></span> <span class='ocrx_word' id='word_1_81' title='bbox 595 1313 714 1360; x_wconf 87' lang='lat' dir='ltr'><strong>hinc</strong></span> <span class='ocrx_word' id='word_1_82' title='bbox 736 1325 961 1361; x_wconf 88' lang='lat' dir='ltr'><strong>matrona</strong></span> <span class='ocrx_word' id='word_1_83' title='bbox 983 1316 1015 1360; x_wconf 89' lang='lat' dir='ltr'><strong>J</strong></span> <span class='ocrx_word' id='word_1_84' title='bbox 1017 1330 1149 1375; x_wconf 85' lang='lat' dir='ltr'><strong>uno,</strong></span> <span class='ocrx_word' id='word_1_85' title='bbox 1170 1326 1220 1361; x_wconf 85' lang='lat' dir='ltr'><strong>et</strong></span> <span class='ocrx_word' id='word_1_86' title='bbox 1249 1372 1255 1376; x_wconf 22' lang='grc' dir='ltr'>Ι</span> 
     </span>
    </p>

    <p class='ocr_par' dir='ltr' id='par_1_5' title="bbox 363 1380 1389 1451">
     <span class='ocr_line' id='line_1_18' title="bbox 363 1380 1389 1451; baseline -0.003 -16"><span class='ocrx_word' id='word_1_87' title='bbox 363 1386 655 1448; x_wconf 85' lang='lat' dir='ltr'><strong>Numquam</strong></span> <span class='ocrx_word' id='word_1_88' title='bbox 673 1380 897 1435; x_wconf 82' lang='lat' dir='ltr'><strong>humeris</strong></span> <span class='ocrx_word' id='word_1_89' title='bbox 916 1386 1173 1451; x_wconf 83' lang='lat' dir='ltr'><strong>positurus</strong></span> <span class='ocrx_word' id='word_1_90' title='bbox 1193 1401 1389 1443; x_wconf 76' lang='lat' dir='ltr'><strong>arcum,</strong></span> 
     </span>
    </p>

    <p class='ocr_par' dir='ltr' id='par_1_6' title="bbox 172 1455 1298 1943">
     <span class='ocr_line' id='line_1_19' title="bbox 225 1455 1128 1519; baseline 0 -15"><span class='ocrx_word' id='word_1_91' title='bbox 225 1457 330 1518; x_wconf 87' lang='lat' dir='ltr'><strong>Qui</strong></span> <span class='ocrx_word' id='word_1_92' title='bbox 352 1471 464 1504; x_wconf 89' lang='lat' dir='ltr'><strong>rore</strong></span> <span class='ocrx_word' id='word_1_93' title='bbox 483 1472 615 1519; x_wconf 86' lang='lat' dir='ltr'><strong>puro</strong></span> <span class='ocrx_word' id='word_1_94' title='bbox 635 1455 850 1505; x_wconf 82' lang='lat' dir='ltr'><strong>Castaliae</strong></span> <span class='ocrx_word' id='word_1_95' title='bbox 870 1458 993 1505; x_wconf 87' lang='lat' dir='ltr'><strong>lavit</strong></span> <span class='ocrx_word' id='word_1_96' title='bbox 1125 1462 1128 1465; x_wconf 85' lang='lat'>&#39;</span> 
     </span>
     <span class='ocr_line' id='line_1_20' title="bbox 172 1528 1077 1589; baseline -0.002 -13"><span class='ocrx_word' id='word_1_97' title='bbox 172 1531 177 1536; x_wconf 77' lang='grc'><strong>’</strong></span> <span class='ocrx_word' id='word_1_98' title='bbox 225 1529 397 1576; x_wconf 83' lang='lat' dir='ltr'><strong>Crines</strong></span> <span class='ocrx_word' id='word_1_99' title='bbox 418 1529 638 1585; x_wconf 80' lang='lat' dir='ltr'><strong>solutos,</strong></span> <span class='ocrx_word' id='word_1_100' title='bbox 659 1528 748 1588; x_wconf 85' lang='lat' dir='ltr'><strong>qui</strong></span> <span class='ocrx_word' id='word_1_101' title='bbox 764 1529 925 1589; x_wconf 79' lang='lat' dir='ltr'><strong>Lyciae</strong></span> <span class='ocrx_word' id='word_1_102' title='bbox 943 1538 1077 1574; x_wconf 90' lang='lat' dir='ltr'><strong>tenet</strong></span> 
     </span>
     <span class='ocr_line' id='line_1_21' title="bbox 292 1596 1070 1658; baseline -0.005 -12"><span class='ocrx_word' id='word_1_103' title='bbox 292 1601 508 1646; x_wconf 87' lang='lat' dir='ltr'><strong>Dumeta</strong></span> <span class='ocrx_word' id='word_1_104' title='bbox 537 1596 850 1658; x_wconf 87' lang='lat' dir='ltr'><strong>natalemque</strong></span> <span class='ocrx_word' id='word_1_105' title='bbox 870 1597 1070 1656; x_wconf 81' lang='lat' dir='ltr'><strong>silvam,</strong></span> 
     </span>
     <span class='ocr_line' id='line_1_22' title="bbox 322 1667 1084 1731; baseline -0.004 -15"><span class='ocrx_word' id='word_1_106' title='bbox 322 1695 335 1709; x_wconf 57' lang='grc' dir='ltr'><strong><em>ι</em></strong></span> <span class='ocrx_word' id='word_1_107' title='bbox 364 1670 540 1717; x_wconf 88' lang='lat' dir='ltr'><strong>Delius</strong></span> <span class='ocrx_word' id='word_1_108' title='bbox 559 1678 609 1715; x_wconf 89' lang='lat' dir='ltr'><strong>et</strong></span> <span class='ocrx_word' id='word_1_109' title='bbox 628 1669 859 1714; x_wconf 84' lang='lat' dir='ltr'><strong>Patareus</strong></span> <span class='ocrx_word' id='word_1_110' title='bbox 880 1667 1084 1731; x_wconf 86' lang='lat' dir='ltr'><strong>Apollo.</strong></span> 
     </span>
     <span class='ocr_line' id='line_1_23' title="bbox 222 1738 1154 1804; baseline -0.001 -18"><span class='ocrx_word' id='word_1_111' title='bbox 222 1740 315 1788; x_wconf 78' lang='lat' dir='ltr'><strong>Vis</strong></span> <span class='ocrx_word' id='word_1_112' title='bbox 336 1739 514 1788; x_wconf 76' lang='lat' dir='ltr'><strong>consili</strong></span> <span class='ocrx_word' id='word_1_113' title='bbox 532 1755 707 1802; x_wconf 79' lang='lat' dir='ltr'><strong>expers</strong></span> <span class='ocrx_word' id='word_1_114' title='bbox 724 1739 857 1788; x_wconf 87' lang='lat' dir='ltr'><strong>mole</strong></span> <span class='ocrx_word' id='word_1_115' title='bbox 877 1739 981 1804; x_wconf 85' lang='lat' dir='ltr'><strong>ruit</strong></span> <span class='ocrx_word' id='word_1_116' title='bbox 1000 1738 1110 1786; x_wconf 69' lang='lat' dir='ltr'><strong>sua:</strong></span> <span class='ocrx_word' id='word_1_117' title='bbox 1149 1799 1154 1802; x_wconf 16' lang='grc' dir='ltr'><strong>Ἴ</strong></span> 
     </span>
     <span class='ocr_line' id='line_1_24' title="bbox 223 1809 1298 1874; baseline -0.001 -16"><span class='ocrx_word' id='word_1_118' title='bbox 223 1812 345 1870; x_wconf 55' lang='lat' dir='ltr'><strong>Vim</strong></span> <span class='ocrx_word' id='word_1_119' title='bbox 367 1820 689 1873; x_wconf 85' lang='lat' dir='ltr'><strong>temperatam</strong></span> <span class='ocrx_word' id='word_1_120' title='bbox 717 1809 767 1857; x_wconf 77' lang='lat' dir='ltr'><strong>di</strong></span> <span class='ocrx_word' id='word_1_121' title='bbox 787 1826 992 1873; x_wconf 87' lang='lat' dir='ltr'><strong>quoque</strong></span> <span class='ocrx_word' id='word_1_122' title='bbox 1011 1810 1298 1874; x_wconf 80' lang='lat' dir='ltr'><strong>provehunt</strong></span> 
     </span>
     <span class='ocr_line' id='line_1_25' title="bbox 291 1879 1034 1943; baseline -0.004 -13"><span class='ocrx_word' id='word_1_123' title='bbox 291 1885 355 1930; x_wconf 87' lang='lat' dir='ltr'><strong>In</strong></span> <span class='ocrx_word' id='word_1_124' title='bbox 378 1880 563 1943; x_wconf 86' lang='lat' dir='ltr'><strong>majus:</strong></span> <span class='ocrx_word' id='word_1_125' title='bbox 584 1879 716 1928; x_wconf 85' lang='lat' dir='ltr'><strong>idem</strong></span> <span class='ocrx_word' id='word_1_126' title='bbox 736 1880 885 1928; x_wconf 86' lang='lat' dir='ltr'><strong>odere</strong></span> <span class='ocrx_word' id='word_1_127' title='bbox 904 1881 1034 1927; x_wconf 88' lang='lat' dir='ltr'><strong>vires</strong></span> 
     </span>
    </p>

    <p class='ocr_par' dir='ltr' id='par_1_7' title="bbox 222 1950 1166 2158">
     <span class='ocr_line' id='line_1_26' title="bbox 368 1950 1166 2000; baseline 0.001 -1"><span class='ocrx_word' id='word_1_128' title='bbox 368 1954 533 1999; x_wconf 88' lang='lat' dir='ltr'><strong>Omne</strong></span> <span class='ocrx_word' id='word_1_129' title='bbox 552 1950 687 1999; x_wconf 86' lang='lat' dir='ltr'><strong>nefas</strong></span> <span class='ocrx_word' id='word_1_130' title='bbox 705 1952 872 1999; x_wconf 82' lang='lat' dir='ltr'><strong>animo</strong></span> <span class='ocrx_word' id='word_1_131' title='bbox 893 1962 1166 2000; x_wconf 85' lang='lat' dir='ltr'><strong>moventes.</strong></span> 
     </span>
     <span class='ocr_line' id='line_1_27' title="bbox 224 2024 1142 2087; baseline -0.002 -16"><span class='ocrx_word' id='word_1_132' title='bbox 224 2024 387 2071; x_wconf 87' lang='lat' dir='ltr'><strong>Testis</strong></span> <span class='ocrx_word' id='word_1_133' title='bbox 407 2038 631 2070; x_wconf 90' lang='lat' dir='ltr'><strong>mearum</strong></span> <span class='ocrx_word' id='word_1_134' title='bbox 651 2024 964 2071; x_wconf 81' lang='lat' dir='ltr'><strong>centimanus</strong></span> <span class='ocrx_word' id='word_1_135' title='bbox 981 2024 1142 2087; x_wconf 84' lang='lat' dir='ltr'><strong>Gyges</strong></span> 
     </span>
     <span class='ocr_line' id='line_1_28' title="bbox 222 2093 1084 2158; baseline -0.003 -15"><span class='ocrx_word' id='word_1_136' title='bbox 222 2093 622 2153; x_wconf 82' lang='lat' dir='ltr'><strong>Sententiarum3</strong></span> <span class='ocrx_word' id='word_1_137' title='bbox 644 2105 794 2142; x_wconf 89' lang='lat' dir='ltr'><strong>notus</strong></span> <span class='ocrx_word' id='word_1_138' title='bbox 814 2105 863 2141; x_wconf 89' lang='lat' dir='ltr'><strong>et</strong></span> <span class='ocrx_word' id='word_1_139' title='bbox 883 2095 1084 2158; x_wconf 83' lang='lat' dir='ltr'><strong>integrae</strong></span> 
     </span>
    </p>

    <p class='ocr_par' dir='ltr' id='par_1_8' title="bbox 297 2151 932 2225">
     <span class='ocr_line' id='line_1_29' title="bbox 297 2151 932 2225; baseline 0 -13"><span class='ocrx_word' id='word_1_140' title='bbox 297 2151 539 2212; x_wconf 68' lang='lat' dir='ltr'><strong>Tentator</strong></span> <span class='ocrx_word' id='word_1_141' title='bbox 557 2165 718 2212; x_wconf 85' lang='lat' dir='ltr'><strong>Orion</strong></span> <span class='ocrx_word' id='word_1_142' title='bbox 737 2163 932 2225; x_wconf 79' lang='lat' dir='ltr'><strong>Dianae,</strong></span> 
     </span>
    </p>

    <p class='ocr_par' dir='ltr' id='par_1_9' title="bbox 219 2233 1166 2440">
     <span class='ocr_line' id='line_1_30' title="bbox 364 2233 1048 2300; baseline -0.003 -18"><span class='ocrx_word' id='word_1_143' title='bbox 364 2235 598 2300; x_wconf 66' lang='lat' dir='ltr'><strong>Virginea</strong></span> <span class='ocrx_word' id='word_1_144' title='bbox 619 2235 838 2283; x_wconf 86' lang='lat' dir='ltr'><strong>domitus</strong></span> <span class='ocrx_word' id='word_1_145' title='bbox 857 2233 1048 2298; x_wconf 62' lang='lat' dir='ltr'><strong>sagitta.</strong></span> 
     </span>
     <span class='ocr_line' id='line_1_31' title="bbox 219 2300 1122 2368; baseline -0.004 -14"><span class='ocrx_word' id='word_1_146' title='bbox 219 2306 414 2368; x_wconf 69' lang='lat' dir='ltr'><strong>Iniecta</strong></span> <span class='ocrx_word' id='word_1_147' title='bbox 436 2307 670 2354; x_wconf 88' lang='lat' dir='ltr'><strong>monstris</strong></span> <span class='ocrx_word' id='word_1_148' title='bbox 691 2319 821 2354; x_wconf 83' lang='lat' dir='ltr'><strong>terra</strong></span> <span class='ocrx_word' id='word_1_149' title='bbox 838 2306 974 2353; x_wconf 88' lang='lat' dir='ltr'><strong>dolet</strong></span> <span class='ocrx_word' id='word_1_150' title='bbox 993 2300 1122 2363; x_wconf 83' lang='lat' dir='ltr'><strong>suis,</strong></span> 
     </span>
     <span class='ocr_line' id='line_1_32' title="bbox 220 2373 1166 2440; baseline -0.004 -16"><span class='ocrx_word' id='word_1_151' title='bbox 220 2377 505 2440; x_wconf 75' lang='lat' dir='ltr'><strong>Moeretque</strong></span> <span class='ocrx_word' id='word_1_152' title='bbox 523 2388 695 2440; x_wconf 83' lang='lat' dir='ltr'><strong>partus</strong></span> <span class='ocrx_word' id='word_1_153' title='bbox 714 2377 924 2425; x_wconf 81' lang='lat' dir='ltr'><strong>fulmine</strong></span> <span class='ocrx_word' id='word_1_154' title='bbox 943 2373 1166 2421; x_wconf 83' lang='lat' dir='ltr'><strong>luridum</strong></span> 
     </span>
    </p>

    <p class='ocr_par' dir='ltr' id='par_1_10' title="bbox 292 2443 1206 2510">
     <span class='ocr_line' id='line_1_33' title="bbox 292 2443 1206 2510; baseline -0.002 -17"><span class='ocrx_word' id='word_1_155' title='bbox 292 2448 480 2495; x_wconf 83' lang='lat' dir='ltr'><strong>Missos</strong></span> <span class='ocrx_word' id='word_1_156' title='bbox 499 2448 560 2494; x_wconf 83' lang='lat' dir='ltr'><strong>ad</strong></span> <span class='ocrx_word' id='word_1_157' title='bbox 580 2449 794 2494; x_wconf 90' lang='lat' dir='ltr'><strong>Orcum:</strong></span> <span class='ocrx_word' id='word_1_158' title='bbox 816 2464 908 2494; x_wconf 87' lang='lat' dir='ltr'><strong>nec</strong></span> <span class='ocrx_word' id='word_1_159' title='bbox 928 2445 1120 2510; x_wconf 87' lang='lat' dir='ltr'><strong>peredit</strong></span> <span class='ocrx_word' id='word_1_160' title='bbox 1201 2443 1206 2448; x_wconf 73' lang='grc'><strong><em>’</em></strong></span> 
     </span>
    </p>

    <p class='ocr_par' dir='ltr' id='par_1_11' title="bbox 365 2515 1181 2582">
     <span class='ocr_line' id='line_1_34' title="bbox 365 2515 1181 2582; baseline -0.004 -17"><span class='ocrx_word' id='word_1_161' title='bbox 365 2520 655 2582; x_wconf 87' lang='lat' dir='ltr'><strong>Impositam</strong></span> <span class='ocrx_word' id='word_1_162' title='bbox 671 2518 798 2564; x_wconf 83' lang='lat' dir='ltr'><strong>celer</strong></span> <span class='ocrx_word' id='word_1_163' title='bbox 816 2515 943 2580; x_wconf 80' lang='lat' dir='ltr'><strong>ignis</strong></span> <span class='ocrx_word' id='word_1_164' title='bbox 962 2519 1181 2574; x_wconf 81' lang='lat' dir='ltr'><strong>Aetnen:</strong></span> 
     </span>
    </p>

    <p class='ocr_par' dir='ltr' id='par_1_12' title="bbox 215 2587 1010 2652">
     <span class='ocr_line' id='line_1_35' title="bbox 215 2587 1010 2652; baseline -0.004 -16"><span class='ocrx_word' id='word_1_165' title='bbox 215 2590 589 2636; x_wconf 81' lang='lat' dir='ltr'><strong>Incontinentis</strong></span> <span class='ocrx_word' id='word_1_166' title='bbox 608 2603 699 2634; x_wconf 87' lang='lat' dir='ltr'><strong>nec</strong></span> <span class='ocrx_word' id='word_1_167' title='bbox 717 2588 853 2652; x_wconf 79' lang='lat' dir='ltr'><strong>Tityi</strong></span> <span class='ocrx_word' id='word_1_168' title='bbox 871 2587 1010 2649; x_wconf 86' lang='lat' dir='ltr'><strong>jecur</strong></span> 
     </span>
    </p>
   </div>
   <div class='ocr_carea' id='block_1_3' title="bbox 138 2727 1285 2826">
    <p class='ocr_par' dir='ltr' id='par_1_13' title="bbox 138 2727 1285 2826">
     <span class='ocr_line' id='line_1_36' title="bbox 138 2727 1285 2826; baseline -0.008 -51"><span class='ocrx_word' id='word_1_169' title='bbox 138 2733 169 2782; x_wconf 67' lang='grc' dir='ltr'><em>Α</em></span> <span class='ocrx_word' id='word_1_170' title='bbox 198 2730 272 2775; x_wconf 79' lang='lat' dir='ltr'><strong>Ex</strong></span> <span class='ocrx_word' id='word_1_171' title='bbox 293 2739 426 2790; x_wconf 83' lang='lat' dir='ltr'><strong>parte</strong></span> <span class='ocrx_word' id='word_1_172' title='bbox 445 2731 569 2774; x_wconf 78' lang='lat' dir='ltr'><strong>Jovis</strong></span> <span class='ocrx_word' id='word_1_173' title='bbox 590 2731 635 2773; x_wconf 86' lang='lat' dir='ltr'><strong>in</strong></span> <span class='ocrx_word' id='word_1_174' title='bbox 654 2727 740 2772; x_wconf 60' lang='lat' dir='ltr'><strong>hac</strong></span> <span class='ocrx_word' id='word_1_175' title='bbox 760 2727 929 2787; x_wconf 64' lang='lat' dir='ltr'><strong>pugna.</strong></span> <span class='ocrx_word' id='word_1_176' title='bbox 1254 2784 1285 2826; x_wconf 61' lang='grc'><strong>6</strong></span> 
     </span>
    </p>
   </div>
  </div>
 </body>
</html>
