1747 2988
423 143 1108 196 sATmARUMLm
1145 146 1235 194 11:
1312 168 1315 169 f
1446 146 1541 208 ιε,

86 232 259 299 Quod
280 232 324 281 si
341 233 652 282 interciderit
672 233 768 281 tibi
788 250 928 282 nunc
946 233 1163 298 aliquid,
1184 245 1375 299 repetes
1395 249 1541 283 mox·
1527 268 1543 295 ‚

83 308 214 356 Sive
235 315 314 353 est
329 306 519 354 naturae
536 304 662 365 hoo,
680 305 784 353 sive
802 305 947 365 artis,
966 306 1123 354 mirus
1143 317 1377 370 utroque.

696 392 950 426 cArrus.

92 447 247 511 Quin
264 445 323 494 id
338 457 443 495 erat
460 462 617 508 cnrae,
640 463 742 513 quo
761 459 909 512 pacto
928 459 1109 496 cuncta
1129 459 1372 507 tenerem3

89 522 297 584 Utpote
319 534 397 565 res
414 528 617 579 tenues,
635 520 778 568 tenui
794 534 1023 567 sermone
1043 529 1276 584 peractas.

648 607 681 639 u
694 607 727 639 ο
740 607 773 637 n
786 604 861 639 Ar
876 608 895 637 1
911 606 946 637 u
962 607 1001 637 s.

86 660 199 711 Ede
222 659 447 708 hominis
466 675 679 709 nomen:
701 662 852 710 simul
871 671 923 708 et
939 664 1198 710 Romanus
1217 676 1281 708 an
1296 659 1499 724 hospes.

623 774 624 779 ,
701 749 729 780 c
744 748 777 781 A
788 749 820 780 'r
835 750 854 781 1
867 749 904 780 u
918 748 957 779 s.
1409 783 1415 789 ,

89 805 216 869 Ipsa
235 817 433 850 memor
449 813 695 868 praeoepta
711 819 913 862 canam3
932 802 1172 851 celabitur
1189 812 1380 849 auctor.

90 877 278 937 Longa
297 872 483 937 quibus
500 873 646 922 facies
665 875 775 922 ovis
792 875 915 933 erit,
928 874 1014 922 illa
1031 885 1315 933 memento,

93 947 170 995 Ut
191 945 334 992 succi
353 945 572 993 melioris
589 955 640 993 et
660 955 719 992 ut
737 946 890 1009 magis
907 945 1036 992 alma
1053 944 1312 1004 rotundis,

94 1010 342 1068 Ponere³z
330 1014 600 1080 .namque
604 1031 789 1064 marem
809 1015 1048 1064 cohibent
1063 1018 1242 1065 callosa
1259 1012 1504 1063 vitellum.

96 1086 261 1137 Caule
280 1085 599 1182 suburbano,
617 1087 708 1152 qui
724 1088 865 1136 siccis
885 1078 1071 1135 crevit
1057 1104 1115 1136 ιιι
1122 1089 1285 1152 agris,

96 1154 381 1216 Dulcior-3⁵
391 1157 582 1223 irriguo
599 1159 727 1207 nihil
747 1169 821 1206 est
838 1159 1022 1207 elutius
1039 1159 1208 1206 horto.

96 1230 153 1277 Si
171 1229 494 1294 vespertinus
513 1228 682 1278 subito
705 1241 752 1277 te
771 1230 1072 1294 oppresserit
1090 1229 1301 1292 hospes,

100 1301 184 1350 Ne
203 1300 385 1366 gallina
403 1298 591 1348 malum
608 1310 867 1364 responset
888 1299 1011 1346 dura
1026 1301 1218 1363 palato,

102 1372 310 1419 Doctus
321 1366 341 1396 ⁶
352 1372 447 1419 eris
464 1372 630 1420 vivam
651 1372 811 1419 mixto
829 1384 1040 1418 mersare
1057 1372 1288 1419 Falerno:

103 1443 222 1490 Hoc
241 1453 463 1490 teneram
481 1442 641 1491 faciet.
666 1442 985 1492 Pratensibus
1007 1443 1194 1507 optima
1214 1441 1380 1507 fungis

106 1514 308 1561 Natura
327 1526 425 1574 est;
444 1515 551 1562 aliis
572 1514 698 1562 male
716 1513 952 1561 ereditur.
979 1514 1068 1561 Ille
1087 1514 1304 1561 salubres

110 1584 342 1633 Aestates
359 1597 585 1649 peraget,
603 1585 693 1649 qui
710 1585 863 1648 nigris
883 1583 1087 1647 prandia
1109 1585 1262 1631 moris

109 1656 305 1716 finiet,
322 1667 436 1703 ante
454 1672 652 1720 gravem
671 1672 783 1719 quae
800 1654 974 1719 legerit
991 1654 1167 1702 arbore
1185 1655 1359 1702 solem.

110 1725 355 1774 Aufidius
374 1727 492 1775 forti
514 1727 752 1776 miscebat
769 1727 917 1774 mella
920 1729 972 1798 fl*
954 1726 1166 1773 alerno
1153 1761 1168 1785 ‚

109 1798 388 1857 Mende-se,
406 1800 643 1862 quoniam
664 1798 831 1846 vacuis
852 1798 1163 1845 committere
1179 1796 1320 1844 venis

113 1868 202 1915 Nil
221 1869 319 1915 nisi
338 1868 448 1916 lene
468 1869 636 1917 decet
651 1865 754 1916 le'ni
771 1868 1039 1934 praecordia
1061 1869 1227 1916 mulso

113 1940 372 1987 Prolueris
389 1939 584 1989 melius.
597 1936 614 1964 ⁷
628 1941 680 1988 Si
700 1939 822 1988 dura
842 1939 1120 1988 morabitur
1138 1941 1307 2002 alvus,

81 2007 336 2073 ”Mytilus
356 2021 406 2065 et
422 2011 545 2059 viles
563 2011 750 2076 pellent
768 2011 1016 2060 obstantia
1034 2012 1267 2073 conchae,

99 2082 183 2128 -Et
199 2080 390 2145 lapathi
406 2079 572 2129 brevis
588 2081 773 2144 herba,
788 2083 876 2130 sed
894 2083 1006 2131 albo
1025 2100 1131 2131 non
1149 2083 1253 2129 sine
1272 2082 1394 2131 Coo.

115 2151 334 2199 Lubrica
351 2164 606 2201 nascentes
625 2154 837 2218 implent
855 2153 1114 2218 conchylia
1124 2148 1146 2178 ⁸
1156 2154 1304 2200 lunae.

117 2222 220 2271 Sed
236 2239 347 2296 non
364 2240 514 2272 omne
534 2240 666 2272 mare
687 2236 763 2273 est
780 2240 1027 2290 generosae
1046 2223 1203 2271 fertile
1226 2232 1383 2269 testae:

189 2349 221 2395 3
239 2348 414 2394 Mensae
432 2364 685 2416 apponere.
880 2357 1002 2411 gato.

189 2419 221 2466 ά
252 2416 374 2459 Nam
406 2431 494 2461 ova
525 2403 641 2461 dura
673 2414 814 2460 veluti
948 2416 980 2461 6
998 2415 1142 2460 Nosse
1162 2413 1319 2459 debes.

121 2481 246 2527 callo
266 2480 474 2527 obducta
495 2497 667 2528 marem
686 2482 814 2527 vitel·
949 2496 978 2541 7
999 2483 1047 2527 si
1064 2491 1222 2527 venter
1237 2495 1333 2525 sese
1350 2494 1446 2544 non
1459 2494 1565 2525 εισ-

87 2552 96 2558 '
119 2547 243 2603 lum,
267 2547 320 2592 id
337 2557 406 2593 est
426 2563 583 2596 semen
600 2548 814 2606 masculi,
881 2558 1025 2594 neret.

122 2616 381 2660 continent.
950 2615 981 2661 8
999 2611 1129 2660 Luna
1147 2607 1437 2661 accrescente
1456 2625 1568 2659 con-

195 2683 223 2728 5
239 2682 366 2726 Nihil
378 2690 446 2727 est
455 2682 696 2744 insipifflus
711 2696 816 2729 ean·
884 2681 1037 2743 chylia
1053 2681 1318 2742 implentur.
1340 2681 1343 2684 '

122 2745 169 2793 le
182 2747 391 2796 hortensi
403 2748 559 2797 multis
573 2750 704 2812 aquis
717 2750 816 2796 irri-
