1747 2988
431 158 935 207 SATIRARUM
968 159 1118 208 LIB.
1155 162 1229 209 11.
1454 180 1547 228 197

51 278 62 295 ι,
89 248 140 295 Ο
164 241 545 311 quando⁷faba‚
567 249 857 312 Pythagorae
877 259 1107 312 cognata,
1130 249 1379 316 simulque

89 320 271 368 Uncta
290 319 407 364 satis
426 320 605 383 pingui
624 330 881 383 ponentur
899 319 1124 367 oluscula
1149 321 1288 369 lardo
1303 325 1325 369 Ξ)

88 389 140 436 Ο
163 383 350 437 tioctes
368 406 619 454 coenaeque
636 388 798 459 Deum
810 423 827 450 ‚
848 389 1035 452 quibus
1052 392 1158 454 ipse
1179 393 1375 458 meique

89 459 238 508 Ante
255 462 430 508 Larem
448 463 712 525 proprium
731 477 921 521 vescor,
941 479 1216 525 vernasque
1239 481 1469 527 procaces

86 535 255 580 Pasco
275 531 441 580 libatis
461 532 694 596 dapibus!
716 537 873 580 Prout
893 535 1074 595 cuique
1092 535 1250 582 libido
1270 547 1371 597 est,

83 604 265 652 Siccat
285 602 552 666 inaequales
573 604 743 651 calices
763 605 976 650 conviva
991 639 1007 664 7
1022 607 1218 655 solutus
1255 638 1260 642 -

77 673 320 739 Legibus
336 674 545 721 insanis:
566 691 654 722 seu
673 677 786 736 quis
807 676 938 738 capit
960 676 1085 722 acria
1105 676 1250 723 fortis

83 745 313 803 Pocula,
332 756 420 793 seu
439 747 650 793 modicis
668 747 859 793 uvescit
878 745 1053 794 laetius,
1084 749 1213 810 Ergo

85 821 278 866 Sermo
297 816 486 876 oritur,
504 834 611 865 non
629 817 696 871 de,
712 817 843 864 villis
864 816 1161 864 domibusve
1179 819 1375 878 alienis,

82 889 203 936 Nec
227 887 356 933 male
373 903 529 935 necne
549 890 710 951 Lepos
729 888 896 934 saltet:
913 889 1023 948 sed,
1044 888 1181 951 quod
1197 891 1348 954 magis
1369 890 1430 936 ad
1448 906 1545 938 nos

82 959 323 1011 Pertinet
341 970 392 1006 et
408 959 595 1007 nescire
613 958 801 1005 malum
819 968 920 1018 θεῖ,
941 960 1203 1022 agitamus:
1225 972 1463 1009 utrumne
1574 966 1575 969 ’

82 1030 303 1079 Divitiis
324 1028 556 1077 homines
568 1063 585 1089 ‚
604 1045 667 1076 an
686 1030 787 1076 sint
808 1029 993 1093 virtute
1013 1030 1168 1091 beati3

84 1099 303 1164 Quidve
325 1100 386 1146 ad
405 1101 639 1151 amicitias
650 1096 690 1161 ‚⁸
704 1117 824 1148 usus
843 1094 1125 1162 rectumne,
1147 1103 1448 1163 trahat‘nos3

79 1175 176 1233 Et,
200 1187 315 1235 quae
333 1171 398 1218 sit
414 1183 593 1218 natura
610 1172 758 1231 boni3
780 1189 1137 1235 summumque
1155 1174 1279 1237 quid
1299 1174 1422 1235 ejus.

80 1244 303 1294 Cervius
320 1242 425 1289 haec
443 1243 573 1290 int'er
587 1243 782 1289 vicinus
800 1243 950 1306 g'arrit
968 1244 1120 1289 aniles

79 1318 159 1364 Ex
180 1330 237 1362 re
258 1313 473 1361 fabellas.
499 1314 627 1361 Nam
648 1315 690 1360 si
708 1313 819 1376 quis
837 1312 1005 1359 laudat
1023 1303 1180 1360 Arelli

81 1386 341 1435 Sollicitas
360 1386 561 1447 ignarus
579 1401 726 1447 opes,
742 1385 811 1431 sic
829 1385 1031 1447 incipit:
1050 1412 1122 1421 —
1138 1385 1276 1432 Olim

81 1457 337 1507 Rusticus
354 1455 605 1503 urbanum
626 1471 819 1503 murem
840 1471 953 1503 mus
971 1471 1191 1520 paupere
1207 1455 1369 1504 fertur

79 1528 356 1591 Accepisse
375 1544 496 1574 cavo
508 1521 756 1586 ‚veterem
776 1537 921 1574 vetus
939 1528 1121 1590 hospes
1141 1528 1381 1586 amicum3
1456 1533 1461 1538 ’

77 1603 253 1664 Asper
273 1610 323 1646 et
342 1609 561 1647 attentus
582 1598 827 1661 quaesitis‚
848 1608 908 1644 ut
927 1608 1092 1644 tamen
1115 1609 1306 1644 arctum
1537 1657 1546 1662 β

76 1672 319 1720 Solveret
337 1669 570 1732 hospitiis
588 1669 826 1716 animum.
855 1668 996 1729 Quid
1012 1668 1171 1715 multa
1182 1670 1205 1715 Ξ)
1222 1684 1386 1733 neque
1405 1668 1489 1720 ille

78 1741 309 1806 Sepositi
321 1736 515 1788 ⁹c'i'ceris
524 1755 652 1801 ‚mec
668 1742 829 1804 longae
851 1739 1036 1786 invidit
1056 1755 1242 1785 avenae:

75 1812 306 1861 Aridum
326 1822 376 1859 et
394 1828 480 1860 ore
500 1812 660 1858 ferens
678 1812 875 1858 acinum
887 1843 902 1870 .,
921 1826 1203 1874 semesaque
1222 1809 1349 1858 lardi

74 1889 114 1932 F
114 1895 262 1932 rusta
282 1882 421 1930 dedit
434 1916 451 1942 ‚
464 1883 671 1946 cupiens
689 1880 819 1929 varia
840 1881 1035 1928 fastidia
1052 1882 1189 1929 coenai

73 1957 300 2004 Vincere
317 1954 563 2018 tangentis
584 1951 708 2001 male
728 1952 919 2017 singula
938 1952 1088 2012 dente
1108 1953 1351 2017 superbo:

75 2028 266 2089 Quum
287 2036 424 2089 pater
442 2026 547 2087 ipse
567 2023 747 2071 domnas
764 2024 902 2089 palea
921 2036 1181 2088 porrectus
1198 2026 1253 2071 in
1272 2024 1429 2072 horna

74 2099 228 2145 Esset
243 2095 255 2118 ¹
267 2095 288 2118 ⁰
301 2095 422 2143 ador
438 2096 720 2158 loliumque
731 2127 748 2155 ‚
770 2096 907 2159 dapis
930 2097 1130 2143 meliora
1150 2096 1452 2158 relinquens.

75 2167 316 2226 Tandem*
331 2166 553 2214 urbanus
572 2166 633 2213 ad
651 2167 814 2227 hunc,
830 2166 971 2228 Quid
987 2178 1034 2213 te
1048 2166 1213 2227 juvat,
1236 2165 1429 2227 inquit,

260 2239 412 2285 amice
424 2271 442 2298 2
1450 2277 1483 2310 κ,

1472 590 1497 606 6·

145 2362 177 2405 7
201 2345 240 2390 A
257 2343 365 2388 faba
379 2339 657 2404 Pflhagovas
672 2344 771 2388 abs-
837 2359 944 2388 cum
953 2346 1164 2405 genitivo
1179 2356 1291 2386 casu
1300 2374 1316 2394 ,
1325 2356 1417 2403 pro
1428 2356 1524 2406 quo

63 2413 218 2459 ,tinuit
228 2445 241 2467 ‚
256 2412 387 2471 quasi
402 2411 492 2455 sihi
505 2425 618 2470 cum*
628 2410 680 2454 ea
696 2425 771 2455 co—
836 2412 1004 2454 Latini
1019 2410 1254 2462 dicerene,
1275 2409 1435 2467 Neque
1453 2409 1521 2451 in-

71 2479 242 2542 gnatio
262 2477 417 2537 aliqua
434 2487 588 2530 essct„
600 2478 770 2531 veritus
836 2475 952 2520 vidit
985 2476 1051 2520 illi
1087 2476 1337 2535 sepositum
1374 2475 1520 2527 cicer,

72 2562 131 2592 ne
146 2547 200 2589 in
214 2544 372 2589 fabam
382 2544 582 2605 aliquam
592 2543 768 2587 animus
833 2558 986 2602 neque
1005 2542 1189 2603 longam
1207 2555 1396 2586 avenam
1407 2573 1421 2595 ,
1439 2539 1522 2585 sed

70 2621 297 2674 paternus
316 2612 629 2672 immigrasset.
833 2609 1083 2654 liberaliter
1101 2610 1145 2653 ei
1162 2608 1390 2667 apposuit.

142 2679 175 2724 8
197 2678 403 2732 Utilitas,
422 2693 480 2723 an
497 2677 728 2722 honestas.
909 2690 967 2720 10
1006 2675 1174 2720 Ederet
1208 2674 1346 2729 ador,
1386 2672 1520 2728 farris

140 2760 176 2805 9
213 2744 553 2810 Hellenismus5
570 2743 768 2791 Invideo
836 2757 994 2803 gemm.

1217 2821 1312 2868 *¹7-
