1747 2988
356 111 421 172 Q.
460 107 828 157 HORATII
861 106 1187 170 FLAccr,
1212 121 1307 159 etc.

241 198 544 260 Perstringis
563 195 732 244 aures':
752 195 852 258 jam
869 195 987 243 litui
1005 207 1262 262 strepuut;

318 271 352 315 J
353 286 433 316 am
453 267 894 330 fulgurat-morum
913 266 1112 329 fugaces

392 342 568 387 Terret
584 355 770 402 equos,
787 338 1119 402 equitumque
1139 341 1324 389 vultus.

246 410 445 458 Audire
465 425 672 472 magnos
690 409 788 471 jam
805 409 982 456 videor
1000 409 1151 461 duces

248 483 375 530 Non
392 477 632 528 indecoro
653 480 867 543 pulvere
877 470 1105 528 sordidos
1119 514 1136 542 ,

323 554 387 600 Et
401 562 584 600 cuncta
602 563 849 599 terrarum
867 551 1095 611 subacta,

395 625 576 670 Praeter
593 633 809 670 atrocem
825 623 1052 669 animum
1073 624 1287 671 Catonis.

217 730 224 737 .
250 696 290 740 J
290 709 420 753 uno,
438 704 490 740 et
509 693 718 740 deorum
739 695 968 758 quisquis
987 694 1192 742 amicior

251 764 391 812 Afris
410 764 569 812 inulta
587 777 795 811 cesserat
811 766 1065 828 impotens

326 835 549 894 Tellure,
570 836 826 882 victorum
843 847 1054 898 nepotes

394 906 612 953 Rettulit
628 905 827 952 inferias
846 905 1128 969 Iugurthae.

258 977 388 1037 Quis
410 993 543 1035 non,
562 977 740 1024 Latino
759 978 998 1040 sanguine
1016 970 1277 1040 pinguior,

258 1048 472 1110 Campus
490 1047 761 1112 sepulcris
744 1048 900 1112 impia
916 1046 1085 1112 proelia

328 1120 586 1178 Testatur,
604 1118 934 1202 auditumque
957 1118 1168 1167 Medis

398 1189 646 1254 Hesperiae
663 1191 890 1237 sonitum
909 1191 1066 1236 ruiuae
1083 1192 1105 1236 Ρ

260 1259 367 1320 Qui
385 1274 564 1323 gurges
579 1293 596 1319 ,
613 1272 701 1307 aut
721 1275 832 1323 quae
852 1259 1061 1307 flumina
1078 1258 1305 1323 lugubris

256 1333 429 1393 Ignara
447 1330 594 1378 belli?
613 1331 753 1395 quod
771 1347 904 1378 mare
923 1331 1131 1379 Dauniae

329 1403 447 1449 Non
468 1401 810 1450 decoloravere
828 1402 982 1449 caedes
995 1404 1018 1449 Ρ

399 1473 528 1535 Quae
548 1484 680 1521 caret
697 1485 784 1521 ora
802 1478 979 1520 &uox-e
998 1483 1172 1520 nostro
1189 1473 1212 1519 Ρ

262 1542 359 1591 Sed
375 1560 437 1590 ne
455 1544 640 1591 relictis
650 1575 667 1602 ,
685 1558 825 1589 musa
843 1559 1030 1605 procax
1040 1574 1056 1600 ,
1075 1541 1195 1602 jocis
1205 1571 1222 1599 ,

106 1633 110 1640 ·
172 1641 181 1646 -
202 1637 213 1644 ·
232 1639 243 1645 ·
261 1614 371 1662 Ceoe
390 1625 622 1662 retractes
638 1628 843 1660 munera
862 1612 1060 1659 noeniae:

324 1679 530 1733 Mecum
548 1685 758 1733 Dionaeo
778 1683 872 1733 sub
892 1694 1036 1731 antro

403 1757 584 1817 Quaere
602 1754 781 1805 modos
798 1755 984 1803 leviore
1002 1754 1207 1828 plectro.

588 2053 867 2165 ''OD-n
934 2094 1049 2163 11.

298 2257 402 2319 AD
439 2256 810 2305 CRISPUM
847 2251 1396 2302 SALLUSTIUM.

304 2358 388 2449 N
400 2414 432 2444 u
448 2405 562 2445 ritu
574 2414 597 2444 s
616 2407 819 2459 argento
839 2395 978 2442 color
998 2404 1071 2441 est
1089 2395 1242 2442 avaris

306 2467 492 2517 Abdito
513 2469 684 2526 terris,
701 2466 902 2513 inimice
918 2465 1091 2530 lamnae

307 2539 371 2586 C1
372 2540 476 2602 ispe
497 2537 727 2596 Sallusti,
745 2536 841 2582 nisi
862 2527 1133 2630 temperato

623 2606 887 2669 Splendeat
908 2620 1038 2649 usu.

307 2680 459 2727 Vivet
478 2687 684 2725 extento
705 2674 995 2721 Proculeius
1013 2681 1121 2716 aevo
1136 2681 1182 2724 ,··

1074 1953 1538 1974 mm
