1747 2988
198 108 300 138 210
522 92 587 149 Q.
625 80 981 138 RO'RATII
1018 89 1315 139 FLACCI

163 222 168 225 γ
198 182 282 227 Est
303 179 516 241 quadam
536 178 738 241 prodire
758 189 930 236 tenus,
949 179 989 224 si
1007 194 1112 225 uon
1132 177 1275 224 datur
1296 178 1453 229 ulti-31.

199 254 374 296 Fervet
391 250 591 296 avaritia
610 251 890 313 miseroque
911 250 1145 313 cupidine
1161 251 1370 312 pectus?

199 323 328 368 Sunt
348 320 498 366 verba
517 331 566 366 et
585 336 730 367 voees
750 320 935 384 quibus
952 320 1092 367 hune
1109 321 1262 367 lenire
1280 319 1523 369 dolorem

199 392 387 450 Possis,
406 402 454 437 et
476 407 700 455 magnam
724 391 883 439 morbi
905 391 1152 454 deponere
1170 402 1379 455 partem.

198 462 380 509 Laudis
398 478 576 509 amore
586 473 766 510 tumes.
758 463 779 493 ³
797 474 916 509 suut
935 473 1064 509 certa
1073 461 1281 525 'piacula
1301 479 1419 526 qnae
1440 473 1496 510 te

201 535 297 580 Ter
316 534 441 600 pure
458 533 587 581 lecto
606 545 848 597 poterunt
865 549 1077 580 recreare
1096 533 1276 579 libello.

198 607 290 651 Inv
295 605 434 664 idus,
453 605 777 663 iracundus,
763 621 921 663 mers,
939 605 1172 663 vinosus,
1189 614 1408 662 amator,

199 677 364 729 Nemo
384 676 507 723 adeo
529 675 661 723 ferus
681 686 754 722 est
773 685 830 722 ut
851 691 957 722 non
975 676 1228 722 mitescere
1246 676 1438 737 possit,

155 786 168 795 ,
202 749 252 794 si
273 747 425 795 modo
442 748 649 794 culturae
667 747 939 811 patientem
960 745 1246 793 commodet
1264 760 1462 791 aurem„

200 820 375 865 Virtus
394 830 468 869 est
485 819 666 865 vitium
687 818 883 881 fugere3
900 828 949 864 et
968 817 1202 880 sapientia
1222 816 1383 879 prima

202 890 420 937 stultitia
439 891 665 937 caruisse.
694 888 875 948 Vides,
894 904 1004 952 quae
1024 887 1236 936 maxima
1254 887 1416 932 credis

202 961 316 1007 Esse
340 962 463 1007 mala
475 994 492 1017 ‚
505 960 750 1021 exiguum
769 975 973 1008 censum
985 992 1001 1018 .,
1022 971 1323 1022 turpemque
1343 960 1632 1021 repulsam,

204 1032 410 1092 Quanto
431 1030 617 1077 devites
634 1030 801 1076 animo
822 1026 1094 1093 capitisque
1112 1029 1278 1076 labore
1290 1031 1323 1074 :x

204 1101 422 1164 Impiger
440 1111 689 1153 extremos
707 1102 863 1148 curris
883 1110 1128 1148 mercator
1144 1101 1206 1147 ad
1223 1099 1406 1161 Indos,

199 1175 293 1220 Per
315 1189 445 1219 mare
465 1172 753 1236 pauperiem
772 1170 993 1236 fugiens,
1013 1188 1104 1236 per
1120 1187 1260 1231 saxa,
1280 1187 1375 1237 per
1390 1172 1562 1239 ignes:

202 1243 279 1291 Ne
299 1260 441 1291 cures
462 1260 516 1290 ea
537 1259 648 1306 quae
666 1242 817 1293 stulte
839 1244 1028 1293 miraris
1048 1254 1094 1290 et
1116 1253 1283 1306 optas,

201 1316 402 1369 Discere
423 1327 472 1362 et
488 1314 685 1374 audire,
704 1326 754 1362 et
771 1316 964 1362 meliori
985 1313 1180 1361 credere
1200 1329 1305 1361 non
1324 1314 1436 1360 vis?
1454 1310 1461 1311 7

204 1386 549 1447 Quis²circum
568 1401 720 1449 pagos
740 1395 788 1432 et
806 1386 994 1436 circum
1013 1385 1231 1447 compita
1238 1399 1464 1447 pugnax

204 1458 386 1521 Magna
405 1456 630 1506 coronari
652 1467 939 1504 contemnat
957 1455 1213 1521 Olympia,
1227 1455 1311 1503 cui
1336 1472 1451 1519 spes
1463 1490 1481 1516 ‚

210 1531 305 1579 Cui
325 1530 388 1576 sit
406 1529 631 1582 conditio
652 1528 809 1576 dulcis
828 1529 933 1576 sine
952 1523 1156 1591 pulvere
1175 1526 1380 1591 palmae?

206 1601 370 1648 Vilius
388 1611 649 1681 argentum
669 1611 743 1646 est
757 1616 910 1659 auro,
927 1598 1200 1648 virtutibus
1219 1613 1417 1649 aurum.

210 1674 255 1718 Ο
277 1672 435 1739 cives,
453 1672 611 1729 cives,
630 1670 897 1733 quaerenda
915 1671 1125 1734 pecunia
1145 1667 1369 1733 primum
1390 1681 1496 1728 est,

207 1730 384 1789 Vi'rtus
403 1753 518 1805 post
537 1757 789 1804 nummos.
817 1738 957 1789 Haec³
962 1744 1120 1788 Ianus
1139 1756 1369 1787 summus
1387 1740 1491 1787 ab
1474 1756 1576 1787 uno

209 1813 478 1861 Producet:
499 1812 606 1859 haee
624 1813 855 1860 recinunt
873 1811 1081 1875 juvenes
1101 1810 1277 1858 dictata
1299 1823 1573 1875 senesque,

210 1878 381 1931 Laevo⁴
385 1885 614 1946 suspensi
631 1875 823 1930 loculos
843 1883 1160 1945 tabulamque
1179 1883 1379 1928 lacerto.

210 1955 262 2011 Si
280 1953 653 2020 quadringentis
673 1949 975 2018 sex⁵septem
995 1952 1143 2000 millia
1166 1952 1375 2011 desunt,

287 2093 304 2121 1
341 2078 455 2123 Sunt
474 2074 694 2121 sacrificia
713 2075 785 2120 vel
803 2092 899 2121 me-
964 2077 1235 2136 habitabant
1248 2078 1296 2120 in
1308 2074 1384 2121 for
1424 2077 1650 2129 Romano,

215 2145 471 2193 dicamenta
485 2143 751 2204 purgantis,
769 2143 816 2188 id
834 2154 901 2200 pst
965 2144 1047 2187 ubi
1066 2142 1292 2202 templum
1313 2158 1362 2187 es
1493 2145 1502 2155 '
1518 2144 1652 2198 h‚:ec

213 2210 535 2287 philosophica
554 2219 799 2276 praecepta
965 2209 1153 2274 publice
1173 2209 1358 2254 docent.

192 2297 200 2304 ·
283 2292 313 2333 2
334 2279 446 2333 Quis
462 2277 604 2321 homo
618 2276 750 2324 fortis
767 2286 812 2321 et
825 2292 919 2335 pu·-
1035 2280 1064 2327 ά
1092 2275 1324 2320 Habentes
1351 2275 1538 2322 loculos
1561 2289 1652 2320 sus·

216 2359 336 2405 gnax
359 2345 408 2387 in
425 2343 667 2387 vilioribus
692 2344 901 2388 certami-
1002 2358 1136 2387 ensos
1164 2342 1223 2386 ad
1250 2341 1403 2394 foeuus
1429 2358 1650 2409 reponen-

215 2410 353 2453 nibus
372 2407 597 2468 pugnabit
624 2417 669 2451 et
694 2417 900 2460 contem·
966 2357 1081 2457 gum

160 2503 172 2515 .
218 2471 300 2518 n'at
318 2475 533 2525 coronari
552 2471 738 2524 inludis
758 2474 906 2531 olym·
1043 2476 1070 2521 5
1099 2477 1145 2521 si
1167 2491 1245 2519 sex
1263 2484 1342 2520 aut
1361 2485 1540 2537 septem
1556 2476 1651 2519 mil·

217 2542 349 2608 picis.
971 2540 1032 2585 lia
1043 2541 1210 2612 desunt
1221 2542 1281 2590 ad
1292 2557 1487 2594 censum
1500 2558 1653 2608 eques-

169 2619 172 2620 ’
231 2615 236 2619 ’
285 2606 313 2661 3
325 2606 444 2649 Omn
450 2619 493 2648 es
505 2602 813 2659 foeneratores,
826 2608 907 2674 qui
971 2616 1103 2658 trem

227 2753 308 2794 „5⁵²
