1747 2988
287 113 357 166 96
612 105 678 166 Q.
714 101 1071 151 HORATII
1103 101 1402 151 FLACCI
1470 145 1483 155 ,

292 196 486 247 Mutat¹
501 207 629 243 terra
647 195 803 253 vices,
825 202 876 240 et
895 191 1223 239 decrescentia
1241 193 1372 255 ripas

745 264 977 312 Flumina
995 273 1313 327 praetereunt.

292 340 459 386 Gratia
476 354 591 384 cum
610 335 859 400 Nymphis
881 331 1195 398 geminisque!
1206 334 1464 404 sororibus
1483 339 1633 386 audet
1702 333 1703 344 ¹

751 409 946 453 Ducere
965 405 1100 452 nuda
1118 405 1316 453 choros.
1334 411 1341 416 “

293 480 598 530 Immortalia
614 495 678 526 ne
696 494 861 542 speres
881 487 1054 524 monet
1072 477 1277 536 Annus,
1301 487 1349 524 et
1367 477 1559 526 almum

754 550 882 609 Quae
900 548 1030 611 rapit
1048 549 1183 595 Hora
1202 547 1347 595 diem.
1702 601 1703 606 ¹

292 624 492 687 Frigora
512 622 778 669 mitescunt
795 618 1058 683 Zephyris:
1083 620 1185 666 Ver
1201 620 1414 684 proterit
1433 622 1624 681 Aestas,
1702 647 1703 684 ᾗ

752 691 1047 749 Interitura‚
1066 690 1218 739 simul

295 763 511 813 Pomifer
528 765 823 811 Autumnus
841 760 1009 824 fruges
1029 760 1286 808 effuderit:
1306 772 1357 809 et
1372 778 1498 810 mox

756 836 944 881 Bruma
960 832 1171 881 recurrit
1187 833 1334 879 iners.
1350 871 1353 874 ,

296 908 487 954 Damna
500 906 519 927 ²
533 916 699 952 tamen
716 906 899 952 celeres
917 914 1145 968 reparant
1163 904 1377 954 coelestia
1392 905 1547 952 lunae:
1600 929 1613 940 ⁴

507 991 526 1042 J*
753 976 887 1035 Nos,
907 975 996 1022 ubi
1015 972 1287 1022 decidimus

298 1047 419 1108 Quo
436 1048 550 1109 pius
569 1045 785 1104 Aeneas,
804 1046 1066 1108 quo'dives
1085 1046 1289 1105 Tullus,
1307 1057 1357 1093 et
1375 1049 1570 1106 Ancus,

754 1117 926 1163 Pulvis
947 1127 1005 1163 er
1014 1116 1191 1164 umbra
1209 1133 1400 1164 sumus.

299 1183 538 1249 Quis'scit
558 1203 622 1235 an
638 1186 872 1250 adjiciant
889 1186 1144 1235 hodiernae
1161 1190 1370 1236 crastina
1387 1204 1588 1236 summae

757 1261 1006 1322 Tempora
1024 1259 1090 1306 Di
1108 1260 1307 1323 superi?

299 1330 491 1379 Cuncta
509 1347 685 1377 manus
703 1330 869 1377 avidas
888 1329 1083 1393 fugient
1101 1330 1308 1377 haeredis
1319 1363 1336 1391 ,
1355 1331 1514 1379 amico

757 1401 885 1461 Quae
905 1400 1096 1447 dederis
1114 1402 1297 1449 animo.

287 1471 474 1533 ‘Quum
492 1472 643 1521 semel
661 1472 925 1533 occideris,
945 1483 994 1519 et
1014 1471 1074 1519 de
1094 1483 1142 1523 te
1161 1472 1417 1537 splendida
1436 1473 1592 1522 Minos

754 1549 791 1592 F
792 1545 942 1592 ecent
959 1544 1157 1592 arbitria
1167 1578 1182 1604 .,

298 1617 441 1677 Non,
459 1618 734 1680 'lorquate‚
749 1631 938 1679 genus»,
956 1631 1060 1663 non
1080 1628 1126 1663 te
1147 1615 1401 1676 facundia,
1420 1633 1526 1680 non
1543 1626 1585 1661 te

755 1687 1004 1733 Restituet
1021 1687 1192 1749 pietas.

297 1757 507 1804 Infernis
525 1773 687 1821 neque
707 1758 839 1804 enim
859 1756 1075 1804 tenebris
1093 1758 1248 1804 Diana
1264 1757 1509 1821 pudicum

755 1827 951 1875 Liberat
970 1829 1325 1892 Hippolytum:

298 1898 403 1946 Nec
422 1897 617 1946 Lethaea
635 1900 765 1946 valet
784 1899 1006 1946 Theseus
1023 1899 1317 1963 abrumpere
1336 1916 1450 1947 caro

750 1970 965 2018 Vincula
983 1971 1225 2018 Pirithoo.

1662 239 1678 266 Ι

331 2106 334 2111 ’
367 2125 387 2154 1
412 2111 619 2155 Mutatur
636 2113 742 2157 anni
760 2123 955 2175 tempus.
1049 2113 1193 2157 deunt
1207 2123 1380 2167 tamen,
1395 2111 1476 2159 sed
1492 2125 1570 2156 nos
1582 2100 1685 2152 semel
1702 2106 1703 2147 ἓ

362 2191 392 2221 2
408 2179 548 2234 Quasi
566 2177 739 2224 diceret
748 2182 980 2241 Tempora
1048 2180 1238 2226 extincti
1258 2194 1526 2241 numquam
1518 2184 1685 2237 remscl

295 2243 479 2289 assiduo
521 2232 651 2305 lapsu
690 2246 862 2304 fluunt,
909 2262 980 2293 re·
1046 2262 1164 2292 mur.

449 2718 462 2747 ,4
516 2729 524 2740 κ

457 2746 464 2753 .
