<?xml version="1.0" encoding="UTF-8"?>
<!DOCTYPE html PUBLIC "-//W3C//DTD XHTML 1.0 Transitional//EN"
    "http://www.w3.org/TR/xhtml1/DTD/xhtml1-transitional.dtd">
<html xmlns="http://www.w3.org/1999/xhtml" xml:lang="en" lang="en">
 <head>
  <title>
</title>
<meta http-equiv="Content-Type" content="text/html;charset=utf-8" />
  <meta name='ocr-system' content='tesseract 3.04.00' />
  <meta name='ocr-capabilities' content='ocr_page ocr_carea ocr_par ocr_line ocrx_word'/>
</head>
<body>
  <div class='ocr_page' id='page_1' title='image "./quintushoratius03horagoog_0240.png"; bbox 0 0 1747 2988; ppageno 0'>
   <div class='ocr_carea' id='block_1_1' title="bbox 188 120 1311 210">
    <p class='ocr_par' dir='ltr' id='par_1_1' title="bbox 188 120 1311 210">
     <span class='ocr_line' id='line_1_1' title="bbox 188 120 1311 210; baseline -0.013 -6"><span class='ocrx_word' id='word_1_1' title='bbox 188 156 291 204; x_wconf 59' lang='grc' dir='ltr'>ωε</span> <span class='ocrx_word' id='word_1_2' title='bbox 519 149 585 210; x_wconf 76' lang='lat' dir='ltr'>q.</span> <span class='ocrx_word' id='word_1_3' title='bbox 624 120 979 195; x_wconf 68' lang='lat' dir='ltr'>uonA&#39;ru</span> <span class='ocrx_word' id='word_1_4' title='bbox 1011 141 1311 193; x_wconf 72' lang='lat' dir='ltr'>FLAcm</span> 
     </span>
    </p>
   </div>
   <div class='ocr_carea' id='block_1_2' title="bbox 193 230 1702 1934">
    <p class='ocr_par' dir='ltr' id='par_1_2' title="bbox 193 230 1517 444">
     <span class='ocr_line' id='line_1_2' title="bbox 193 230 1382 296; baseline -0.011 -5"><span class='ocrx_word' id='word_1_5' title='bbox 193 237 420 292; x_wconf 73' lang='lat' dir='ltr'>Multum</span> <span class='ocrx_word' id='word_1_6' title='bbox 440 235 729 296; x_wconf 70' lang='lat' dir='ltr'>dissimiles,</span> <span class='ocrx_word' id='word_1_7' title='bbox 749 232 813 282; x_wconf 85' lang='lat' dir='ltr'>ad</span> <span class='ocrx_word' id='word_1_8' title='bbox 832 243 993 281; x_wconf 86' lang='lat' dir='ltr'>eetera</span> <span class='ocrx_word' id='word_1_9' title='bbox 1008 230 1382 296; x_wconf 74' lang='lat' dir='ltr'>pene¹gemelli.</span> 
     </span>
     <span class='ocr_line' id='line_1_3' title="bbox 193 303 1517 371; baseline -0.008 -10"><span class='ocrx_word' id='word_1_10' title='bbox 193 311 440 361; x_wconf 66' lang='lat' dir='ltr'>fraternis</span> <span class='ocrx_word' id='word_1_11' title='bbox 457 309 663 368; x_wconf 82' lang='lat' dir='ltr'>animis,</span> <span class='ocrx_word' id='word_1_12' title='bbox 680 305 932 371; x_wconf 85' lang='lat' dir='ltr'>quidquid</span> <span class='ocrx_word' id='word_1_13' title='bbox 948 313 1097 368; x_wconf 86' lang='lat' dir='ltr'>negat</span> <span class='ocrx_word' id='word_1_14' title='bbox 1113 304 1264 363; x_wconf 76' lang='lat' dir='ltr'>alter,</span> <span class='ocrx_word' id='word_1_15' title='bbox 1282 313 1333 350; x_wconf 88' lang='lat' dir='ltr'>et</span> <span class='ocrx_word' id='word_1_16' title='bbox 1350 303 1400 350; x_wconf 88' lang='lat' dir='ltr'>al</span> <span class='ocrx_word' id='word_1_17' title='bbox 1408 314 1486 351; x_wconf 86' lang='lat' dir='ltr'>ter</span> <span class='ocrx_word' id='word_1_18' title='bbox 1501 320 1517 350; x_wconf 74' lang='grc' dir='ltr'><em>ι</em></span> 
     </span>
     <span class='ocr_line' id='line_1_4' title="bbox 199 363 1399 444; baseline -0.008 -13"><span class='ocrx_word' id='word_1_19' title='bbox 199 384 488 431; x_wconf 85' lang='lat' dir='ltr'>Annuimus</span> <span class='ocrx_word' id='word_1_20' title='bbox 505 379 717 444; x_wconf 79' lang='lat' dir='ltr'>pariter,</span> <span class='ocrx_word' id='word_1_21' title='bbox 735 377 895 425; x_wconf 84' lang='lat' dir='ltr'>vetuli</span> <span class='ocrx_word' id='word_1_22' title='bbox 916 376 1127 438; x_wconf 83' lang='lat' dir='ltr'>notique</span> <span class='ocrx_word' id='word_1_23' title='bbox 1145 363 1399 434; x_wconf 81' lang='lat' dir='ltr'>columbi3</span> 
     </span>
    </p>

    <p class='ocr_par' dir='ltr' id='par_1_3' title="bbox 196 444 1330 514">
     <span class='ocr_line' id='line_1_5' title="bbox 196 444 1330 514; baseline -0.01 -11"><span class='ocrx_word' id='word_1_24' title='bbox 196 457 278 503; x_wconf 87' lang='lat' dir='ltr'>Tu</span> <span class='ocrx_word' id='word_1_25' title='bbox 298 453 474 501; x_wconf 86' lang='lat' dir='ltr'>nidum</span> <span class='ocrx_word' id='word_1_26' title='bbox 493 466 683 511; x_wconf 84' lang='lat' dir='ltr'>servas,</span> <span class='ocrx_word' id='word_1_27' title='bbox 705 464 797 514; x_wconf 86' lang='lat' dir='ltr'>ego</span> <span class='ocrx_word' id='word_1_28' title='bbox 818 447 972 497; x_wconf 84' lang='lat' dir='ltr'>laudo</span> <span class='ocrx_word' id='word_1_29' title='bbox 992 446 1124 493; x_wconf 88' lang='lat' dir='ltr'>ruris</span> <span class='ocrx_word' id='word_1_30' title='bbox 1142 444 1330 493; x_wconf 82' lang='lat' dir='ltr'>amoeni</span> 
     </span>
    </p>

    <p class='ocr_par' dir='ltr' id='par_1_4' title="bbox 198 520 1436 585">
     <span class='ocr_line' id='line_1_6' title="bbox 198 520 1436 585; baseline -0.008 -11"><span class='ocrx_word' id='word_1_31' title='bbox 198 526 359 574; x_wconf 82' lang='lat' dir='ltr'>Rivos</span> <span class='ocrx_word' id='word_1_32' title='bbox 371 557 388 585; x_wconf 81' lang='lat'>‚</span> <span class='ocrx_word' id='word_1_33' title='bbox 403 534 453 571; x_wconf 85' lang='lat' dir='ltr'>et</span> <span class='ocrx_word' id='word_1_34' title='bbox 473 539 651 571; x_wconf 84' lang='lat' dir='ltr'>museo</span> <span class='ocrx_word' id='word_1_35' title='bbox 671 520 950 568; x_wconf 79' lang='lat' dir='ltr'>circumlita</span> <span class='ocrx_word' id='word_1_36' title='bbox 969 533 1111 577; x_wconf 85' lang='lat' dir='ltr'>saxa,</span> <span class='ocrx_word' id='word_1_37' title='bbox 1127 531 1436 579; x_wconf 78' lang='lat' dir='ltr'><strong>nemusque.</strong></span> 
     </span>
    </p>

    <p class='ocr_par' dir='ltr' id='par_1_5' title="bbox 201 585 1510 804">
     <span class='ocr_line' id='line_1_7' title="bbox 201 585 1510 659; baseline -0.008 -14"><span class='ocrx_word' id='word_1_38' title='bbox 201 596 344 658; x_wconf 87' lang='lat' dir='ltr'><strong>Quid</strong></span> <span class='ocrx_word' id='word_1_39' title='bbox 362 595 542 659; x_wconf 63' lang='lat' dir='ltr'>queris</span> <span class='ocrx_word' id='word_1_40' title='bbox 556 595 579 641; x_wconf 73' lang='grc' dir='ltr'><em>Ρ</em></span> <span class='ocrx_word' id='word_1_41' title='bbox 596 594 714 641; x_wconf 85' lang='lat' dir='ltr'>vivo</span> <span class='ocrx_word' id='word_1_42' title='bbox 725 625 742 652; x_wconf 76' lang='lat'><strong>‚</strong></span> <span class='ocrx_word' id='word_1_43' title='bbox 756 602 810 639; x_wconf 85' lang='lat' dir='ltr'>et</span> <span class='ocrx_word' id='word_1_44' title='bbox 826 605 985 654; x_wconf 81' lang='lat' dir='ltr'>regno</span> <span class='ocrx_word' id='word_1_45' title='bbox 996 621 1014 649; x_wconf 84' lang='lat'>.,</span> <span class='ocrx_word' id='word_1_46' title='bbox 1030 587 1182 635; x_wconf 86' lang='lat' dir='ltr'>simul</span> <span class='ocrx_word' id='word_1_47' title='bbox 1198 586 1294 633; x_wconf 83' lang='lat' dir='ltr'>ista</span> <span class='ocrx_word' id='word_1_48' title='bbox 1312 585 1510 652; x_wconf 85' lang='lat' dir='ltr'><strong>reliqui</strong></span> 
     </span>
     <span class='ocr_line' id='line_1_8' title="bbox 203 657 1437 730; baseline -0.011 -13"><span class='ocrx_word' id='word_1_49' title='bbox 203 669 334 730; x_wconf 84' lang='lat' dir='ltr'>Quae</span> <span class='ocrx_word' id='word_1_50' title='bbox 352 683 443 716; x_wconf 85' lang='lat' dir='ltr'>vos</span> <span class='ocrx_word' id='word_1_51' title='bbox 460 665 523 713; x_wconf 88' lang='lat' dir='ltr'>ad</span> <span class='ocrx_word' id='word_1_52' title='bbox 541 665 724 713; x_wconf 82' lang='lat' dir='ltr'>coelum</span> <span class='ocrx_word' id='word_1_53' title='bbox 744 662 933 710; x_wconf 76' lang='lat' dir='ltr'>effertis</span> <span class='ocrx_word' id='word_1_54' title='bbox 952 675 1154 707; x_wconf 87' lang='lat' dir='ltr'>rumore</span> <span class='ocrx_word' id='word_1_55' title='bbox 1175 657 1405 705; x_wconf 87' lang='lat' dir='ltr'>secundo</span> <span class='ocrx_word' id='word_1_56' title='bbox 1422 675 1437 704; x_wconf 69' lang='grc' dir='ltr'>ι</span> 
     </span>
     <span class='ocr_line' id='line_1_9' title="bbox 204 730 1303 804; baseline -0.011 -17"><span class='ocrx_word' id='word_1_57' title='bbox 204 736 671 804; x_wconf 85' lang='lat' dir='ltr'>thue²saeerdotis</span> <span class='ocrx_word' id='word_1_58' title='bbox 688 733 959 799; x_wconf 76' lang='lat' dir='ltr'>fugitivus,</span> <span class='ocrx_word' id='word_1_59' title='bbox 973 730 1077 779; x_wconf 84' lang='lat' dir='ltr'>liba</span> <span class='ocrx_word' id='word_1_60' title='bbox 1096 744 1303 786; x_wconf 84' lang='lat' dir='ltr'>reeuso;</span> 
     </span>
    </p>

    <p class='ocr_par' dir='ltr' id='par_1_6' title="bbox 203 800 1343 873">
     <span class='ocr_line' id='line_1_10' title="bbox 203 800 1343 873; baseline -0.011 -15"><span class='ocrx_word' id='word_1_61' title='bbox 203 812 337 858; x_wconf 81' lang='lat' dir='ltr'>Pane</span> <span class='ocrx_word' id='word_1_62' title='bbox 358 824 478 873; x_wconf 84' lang='lat' dir='ltr'>egeo</span> <span class='ocrx_word' id='word_1_63' title='bbox 492 842 508 869; x_wconf 91' lang='lat'>.,</span> <span class='ocrx_word' id='word_1_64' title='bbox 523 806 623 869; x_wconf 84' lang='lat' dir='ltr'>jam</span> <span class='ocrx_word' id='word_1_65' title='bbox 643 805 843 855; x_wconf 85' lang='lat' dir='ltr'>mellitis</span> <span class='ocrx_word' id='word_1_66' title='bbox 862 802 1063 869; x_wconf 89' lang='lat' dir='ltr'>potiore</span> <span class='ocrx_word' id='word_1_67' title='bbox 1082 800 1343 864; x_wconf 80' lang='lat' dir='ltr'>placentis.</span> 
     </span>
    </p>

    <p class='ocr_par' dir='ltr' id='par_1_7' title="bbox 203 865 1523 1081">
     <span class='ocr_line' id='line_1_11' title="bbox 203 877 1289 935; baseline -0.011 -7"><span class='ocrx_word' id='word_1_68' title='bbox 203 882 388 928; x_wconf 77' lang='lat' dir='ltr'>Vivere</span> <span class='ocrx_word' id='word_1_69' title='bbox 406 891 597 927; x_wconf 82' lang='lat' dir='ltr'>naturae</span> <span class='ocrx_word' id='word_1_70' title='bbox 610 879 658 925; x_wconf 77' lang='lat' dir='ltr'>si</span> <span class='ocrx_word' id='word_1_71' title='bbox 676 877 1033 925; x_wconf 83' lang='lat' dir='ltr'>convenienter</span> <span class='ocrx_word' id='word_1_72' title='bbox 1052 881 1289 935; x_wconf 79' lang='lat' dir='ltr'>oportet,</span> 
     </span>
     <span class='ocr_line' id='line_1_12' title="bbox 207 936 1523 1013; baseline -0.008 -14"><span class='ocrx_word' id='word_1_73' title='bbox 207 950 557 1013; x_wconf 80' lang='lat' dir='ltr'>Ponendaeque</span> <span class='ocrx_word' id='word_1_74' title='bbox 577 948 730 996; x_wconf 90' lang='lat' dir='ltr'>domo</span> <span class='ocrx_word' id='word_1_75' title='bbox 751 944 1019 1011; x_wconf 74' lang='lat' dir='ltr'>quaerenda</span> <span class='ocrx_word' id='word_1_76' title='bbox 1036 953 1112 991; x_wconf 89' lang='lat' dir='ltr'>est</span> <span class='ocrx_word' id='word_1_77' title='bbox 1128 956 1239 989; x_wconf 90' lang='lat' dir='ltr'>area</span> <span class='ocrx_word' id='word_1_78' title='bbox 1257 936 1523 1006; x_wconf 72' lang='lat' dir='ltr'>primum3</span> 
     </span>
     <span class='ocr_line' id='line_1_13' title="bbox 207 1012 1271 1081; baseline -0.01 -12"><span class='ocrx_word' id='word_1_79' title='bbox 207 1021 473 1072; x_wconf 80' lang='lat' dir='ltr'>Novistine</span> <span class='ocrx_word' id='word_1_80' title='bbox 489 1020 662 1067; x_wconf 86' lang='lat' dir='ltr'>locum</span> <span class='ocrx_word' id='word_1_81' title='bbox 683 1019 935 1081; x_wconf 83' lang='lat' dir='ltr'>potiorem</span> <span class='ocrx_word' id='word_1_82' title='bbox 954 1031 1071 1062; x_wconf 87' lang='lat' dir='ltr'>rure</span> <span class='ocrx_word' id='word_1_83' title='bbox 1087 1012 1235 1060; x_wconf 83' lang='lat' dir='ltr'>beato</span> <span class='ocrx_word' id='word_1_84' title='bbox 1249 1013 1271 1058; x_wconf 64' lang='grc' dir='ltr'>Ξ)</span> 
     </span>
    </p>

    <p class='ocr_par' dir='ltr' id='par_1_8' title="bbox 206 1082 1702 1791">
     <span class='ocr_line' id='line_1_14' title="bbox 211 1082 1481 1154; baseline -0.006 -15"><span class='ocrx_word' id='word_1_85' title='bbox 211 1092 298 1138; x_wconf 85' lang='lat' dir='ltr'>Est</span> <span class='ocrx_word' id='word_1_86' title='bbox 310 1088 425 1138; x_wconf 77' lang='lat' dir='ltr'>³uhi</span> <span class='ocrx_word' id='word_1_87' title='bbox 440 1090 558 1154; x_wconf 91' lang='lat' dir='ltr'>plus</span> <span class='ocrx_word' id='word_1_88' title='bbox 578 1092 780 1152; x_wconf 76' lang='lat' dir='ltr'>tepeant</span> <span class='ocrx_word' id='word_1_89' title='bbox 795 1087 1019 1134; x_wconf 78' lang='lat' dir='ltr'>hiemes?</span> <span class='ocrx_word' id='word_1_90' title='bbox 1038 1085 1127 1132; x_wconf 83' lang='lat' dir='ltr'>uhi</span> <span class='ocrx_word' id='word_1_91' title='bbox 1146 1082 1334 1147; x_wconf 83' lang='lat' dir='ltr'>gratior</span> <span class='ocrx_word' id='word_1_92' title='bbox 1353 1099 1481 1131; x_wconf 79' lang='lat' dir='ltr'>aura</span> 
     </span>
     <span class='ocr_line' id='line_1_15' title="bbox 206 1154 1702 1219; baseline -0.009 -9"><span class='ocrx_word' id='word_1_93' title='bbox 206 1161 382 1210; x_wconf 88' lang='lat' dir='ltr'>Leniat</span> <span class='ocrx_word' id='word_1_94' title='bbox 399 1171 449 1208; x_wconf 87' lang='lat' dir='ltr'>et</span> <span class='ocrx_word' id='word_1_95' title='bbox 466 1160 653 1209; x_wconf 82' lang='lat' dir='ltr'>rabiem</span> <span class='ocrx_word' id='word_1_96' title='bbox 674 1159 847 1219; x_wconf 78' lang='lat' dir='ltr'>Canis,</span> <span class='ocrx_word' id='word_1_97' title='bbox 864 1169 916 1206; x_wconf 89' lang='lat' dir='ltr'>et</span> <span class='ocrx_word' id='word_1_98' title='bbox 935 1166 1187 1205; x_wconf 82' lang='lat' dir='ltr'>momenta</span> <span class='ocrx_word' id='word_1_99' title='bbox 1203 1154 1387 1200; x_wconf 83' lang='lat' dir='ltr'>Leonis</span> <span class='ocrx_word' id='word_1_100' title='bbox 1405 1187 1426 1214; x_wconf 80' lang='lat'>‚</span> <span class='ocrx_word' id='word_1_101' title='bbox 1697 1154 1702 1187; x_wconf 57' lang='grc' dir='ltr'><strong>ἓ</strong></span> 
     </span>
     <span class='ocr_line' id='line_1_16' title="bbox 212 1223 1543 1296; baseline -0.01 -15"><span class='ocrx_word' id='word_1_102' title='bbox 212 1234 389 1294; x_wconf 90' lang='lat' dir='ltr'>Quum</span> <span class='ocrx_word' id='word_1_103' title='bbox 409 1232 561 1280; x_wconf 89' lang='lat' dir='ltr'>semel</span> <span class='ocrx_word' id='word_1_104' title='bbox 579 1231 771 1296; x_wconf 81' lang='lat' dir='ltr'>aceepit</span> <span class='ocrx_word' id='word_1_105' title='bbox 788 1230 947 1279; x_wconf 86' lang='lat' dir='ltr'>solem</span> <span class='ocrx_word' id='word_1_106' title='bbox 966 1225 1273 1275; x_wconf 88' lang='lat' dir='ltr'>furibundus</span> <span class='ocrx_word' id='word_1_107' title='bbox 1293 1223 1543 1272; x_wconf 84' lang='lat' dir='ltr'>acutum?</span> 
     </span>
     <span class='ocr_line' id='line_1_17' title="bbox 211 1295 1416 1352; baseline -0.011 0"><span class='ocrx_word' id='word_1_108' title='bbox 211 1306 301 1352; x_wconf 85' lang='lat' dir='ltr'>Est</span> <span class='ocrx_word' id='word_1_109' title='bbox 321 1304 411 1351; x_wconf 86' lang='lat' dir='ltr'>uhi</span> <span class='ocrx_word' id='word_1_110' title='bbox 430 1304 635 1351; x_wconf 82' lang='lat' dir='ltr'>divellat</span> <span class='ocrx_word' id='word_1_111' title='bbox 655 1317 860 1350; x_wconf 84' lang='lat' dir='ltr'>somnos</span> <span class='ocrx_word' id='word_1_112' title='bbox 881 1296 1050 1348; x_wconf 75' lang='lat' dir='ltr'>minus</span> <span class='ocrx_word' id='word_1_113' title='bbox 1069 1295 1238 1344; x_wconf 81' lang='lat' dir='ltr'>invida</span> <span class='ocrx_word' id='word_1_114' title='bbox 1256 1311 1375 1342; x_wconf 84' lang='lat' dir='ltr'>eura</span> <span class='ocrx_word' id='word_1_115' title='bbox 1389 1296 1416 1340; x_wconf 78' lang='grc' dir='ltr'>Ρ</span> 
     </span>
     <span class='ocr_line' id='line_1_18' title="bbox 212 1365 1474 1438; baseline -0.01 -16"><span class='ocrx_word' id='word_1_116' title='bbox 212 1372 467 1422; x_wconf 78' lang='lat' dir='ltr'>Deterius⁴</span> <span class='ocrx_word' id='word_1_117' title='bbox 482 1374 682 1438; x_wconf 75' lang='lat' dir='ltr'>Libycis</span> <span class='ocrx_word' id='word_1_118' title='bbox 700 1373 803 1420; x_wconf 89' lang='lat' dir='ltr'>olet</span> <span class='ocrx_word' id='word_1_119' title='bbox 821 1381 910 1417; x_wconf 88' lang='lat' dir='ltr'>aut</span> <span class='ocrx_word' id='word_1_120' title='bbox 925 1370 1055 1416; x_wconf 85' lang='lat' dir='ltr'>nitet</span> <span class='ocrx_word' id='word_1_121' title='bbox 1073 1366 1226 1414; x_wconf 84' lang='lat' dir='ltr'>herba</span> <span class='ocrx_word' id='word_1_122' title='bbox 1244 1365 1435 1428; x_wconf 87' lang='lat' dir='ltr'>lapillis</span> <span class='ocrx_word' id='word_1_123' title='bbox 1449 1366 1474 1410; x_wconf 72' lang='grc' dir='ltr'><em>Ρ</em></span> 
     </span>
     <span class='ocr_line' id='line_1_19' title="bbox 213 1435 1523 1508; baseline -0.009 -15"><span class='ocrx_word' id='word_1_124' title='bbox 213 1447 395 1494; x_wconf 88' lang='lat' dir='ltr'>Purior</span> <span class='ocrx_word' id='word_1_125' title='bbox 411 1446 466 1492; x_wconf 88' lang='lat' dir='ltr'>in</span> <span class='ocrx_word' id='word_1_126' title='bbox 485 1446 611 1492; x_wconf 81' lang='lat' dir='ltr'>vicis</span> <span class='ocrx_word' id='word_1_127' title='bbox 628 1458 754 1508; x_wconf 83' lang='lat' dir='ltr'>aqua</span> <span class='ocrx_word' id='word_1_128' title='bbox 775 1440 940 1488; x_wconf 85' lang='lat' dir='ltr'>tendit</span> <span class='ocrx_word' id='word_1_129' title='bbox 957 1453 1190 1504; x_wconf 86' lang='lat' dir='ltr'>rumpere</span> <span class='ocrx_word' id='word_1_130' title='bbox 1209 1435 1492 1502; x_wconf 85' lang='lat' dir='ltr'>plumbum</span> <span class='ocrx_word' id='word_1_131' title='bbox 1505 1466 1523 1494; x_wconf 87' lang='lat'>‚</span> 
     </span>
     <span class='ocr_line' id='line_1_20' title="bbox 217 1501 1647 1581; baseline -0.01 -16"><span class='ocrx_word' id='word_1_132' title='bbox 217 1516 385 1579; x_wconf 73' lang='lat' dir='ltr'>Quam</span> <span class='ocrx_word' id='word_1_133' title='bbox 395 1532 507 1581; x_wconf 83' lang='lat' dir='ltr'>quae</span> <span class='ocrx_word' id='word_1_134' title='bbox 515 1532 606 1580; x_wconf 88' lang='lat' dir='ltr'>per</span> <span class='ocrx_word' id='word_1_135' title='bbox 613 1529 836 1579; x_wconf 88' lang='lat' dir='ltr'>pronum</span> <span class='ocrx_word' id='word_1_136' title='bbox 846 1511 1061 1575; x_wconf 85' lang='lat' dir='ltr'>trepidat</span> <span class='ocrx_word' id='word_1_137' title='bbox 1070 1525 1188 1558; x_wconf 89' lang='lat' dir='ltr'>cum</span> <span class='ocrx_word' id='word_1_138' title='bbox 1198 1524 1466 1556; x_wconf 87' lang='lat' dir='ltr'>murmure</span> <span class='ocrx_word' id='word_1_139' title='bbox 1475 1507 1620 1553; x_wconf 76' lang='lat' dir='ltr'>rivum</span> <span class='ocrx_word' id='word_1_140' title='bbox 1631 1501 1647 1548; x_wconf 87' lang='lat'>?</span> 
     </span>
     <span class='ocr_line' id='line_1_21' title="bbox 215 1579 1700 1651; baseline -0.011 -14"><span class='ocrx_word' id='word_1_141' title='bbox 215 1585 574 1651; x_wconf 82' lang='lat' dir='ltr'>Nempe⁵inter</span> <span class='ocrx_word' id='word_1_142' title='bbox 587 1584 744 1634; x_wconf 82' lang='lat' dir='ltr'>varias</span> <span class='ocrx_word' id='word_1_143' title='bbox 761 1583 992 1632; x_wconf 87' lang='lat' dir='ltr'>nutritur</span> <span class='ocrx_word' id='word_1_144' title='bbox 1012 1581 1133 1627; x_wconf 85' lang='lat' dir='ltr'>silva</span> <span class='ocrx_word' id='word_1_145' title='bbox 1155 1579 1422 1626; x_wconf 85' lang='lat' dir='ltr'>columnas</span> <span class='ocrx_word' id='word_1_146' title='bbox 1435 1611 1455 1638; x_wconf 80' lang='lat'>‚</span> <span class='ocrx_word' id='word_1_147' title='bbox 1693 1581 1700 1606; x_wconf 79' lang='lat'>¹</span> 
     </span>
     <span class='ocr_line' id='line_1_22' title="bbox 217 1648 1556 1721; baseline -0.007 -15"><span class='ocrx_word' id='word_1_148' title='bbox 217 1658 575 1721; x_wconf 83' lang='lat' dir='ltr'>Laudaturque</span> <span class='ocrx_word' id='word_1_149' title='bbox 597 1657 778 1704; x_wconf 89' lang='lat' dir='ltr'>domus</span> <span class='ocrx_word' id='word_1_150' title='bbox 798 1655 980 1717; x_wconf 86' lang='lat' dir='ltr'>longos</span> <span class='ocrx_word' id='word_1_151' title='bbox 999 1666 1109 1715; x_wconf 86' lang='lat' dir='ltr'>quae</span> <span class='ocrx_word' id='word_1_152' title='bbox 1128 1648 1377 1713; x_wconf 83' lang='lat' dir='ltr'>prospicit</span> <span class='ocrx_word' id='word_1_153' title='bbox 1389 1664 1556 1713; x_wconf 83' lang='lat' dir='ltr'>agros.</span> 
     </span>
     <span class='ocr_line' id='line_1_23' title="bbox 217 1724 1539 1791; baseline -0.008 -13"><span class='ocrx_word' id='word_1_154' title='bbox 217 1731 461 1778; x_wconf 83' lang='lat' dir='ltr'>Naturam</span> <span class='ocrx_word' id='word_1_155' title='bbox 483 1727 700 1791; x_wconf 81' lang='lat' dir='ltr'>expelles</span> <span class='ocrx_word' id='word_1_156' title='bbox 718 1724 887 1783; x_wconf 71' lang='lat' dir='ltr'>furca,</span> <span class='ocrx_word' id='word_1_157' title='bbox 909 1733 1074 1769; x_wconf 86' lang='lat' dir='ltr'>tamen</span> <span class='ocrx_word' id='word_1_158' title='bbox 1092 1736 1251 1784; x_wconf 86' lang='lat' dir='ltr'>usque</span> <span class='ocrx_word' id='word_1_159' title='bbox 1270 1730 1505 1767; x_wconf 82' lang='lat' dir='ltr'>recurret</span> <span class='ocrx_word' id='word_1_160' title='bbox 1522 1753 1539 1780; x_wconf 79' lang='lat'><strong>‚</strong></span> 
     </span>
    </p>

    <p class='ocr_par' dir='ltr' id='par_1_9' title="bbox 218 1790 1359 1861">
     <span class='ocr_line' id='line_1_24' title="bbox 218 1790 1359 1861; baseline -0.009 -14"><span class='ocrx_word' id='word_1_161' title='bbox 218 1800 282 1847; x_wconf 92' lang='lat' dir='ltr'>Et</span> <span class='ocrx_word' id='word_1_162' title='bbox 300 1799 426 1846; x_wconf 86' lang='lat' dir='ltr'>mala</span> <span class='ocrx_word' id='word_1_163' title='bbox 444 1807 737 1861; x_wconf 87' lang='lat' dir='ltr'>perrumpet</span> <span class='ocrx_word' id='word_1_164' title='bbox 755 1794 930 1843; x_wconf 82' lang='lat' dir='ltr'>furtim</span> <span class='ocrx_word' id='word_1_165' title='bbox 950 1791 1142 1840; x_wconf 84' lang='lat' dir='ltr'>fastidia</span> <span class='ocrx_word' id='word_1_166' title='bbox 1159 1790 1359 1838; x_wconf 82' lang='lat' dir='ltr'>victrix.</span> 
     </span>
    </p>

    <p class='ocr_par' dir='ltr' id='par_1_10' title="bbox 221 1861 1459 1934">
     <span class='ocr_line' id='line_1_25' title="bbox 221 1861 1459 1934; baseline -0.008 -15"><span class='ocrx_word' id='word_1_167' title='bbox 221 1867 385 1931; x_wconf 79' lang='lat' dir='ltr'>Non⁶‚</span> <span class='ocrx_word' id='word_1_168' title='bbox 405 1864 737 1934; x_wconf 85' lang='lat' dir='ltr'>qui⁷Sidonio</span> <span class='ocrx_word' id='word_1_169' title='bbox 757 1864 1061 1920; x_wconf 73' lang='lat' dir='ltr'>contendere</span> <span class='ocrx_word' id='word_1_170' title='bbox 1082 1861 1291 1914; x_wconf 82' lang='lat' dir='ltr'>callidus</span> <span class='ocrx_word' id='word_1_171' title='bbox 1310 1872 1459 1909; x_wconf 88' lang='lat' dir='ltr'>ostro</span> 
     </span>
    </p>
   </div>
   <div class='ocr_carea' id='block_1_3' title="bbox 230 1975 1650 2047">
    <p class='ocr_par' dir='ltr' id='par_1_11' title="bbox 230 1975 1650 2047">
     <span class='ocr_line' id='line_1_26' title="bbox 230 1975 1650 2047; baseline -0.01 -7"><span class='ocrx_word' id='word_1_172' title='bbox 230 1975 237 1986; x_wconf 41' lang='lat'>²</span> <span class='ocrx_word' id='word_1_173' title='bbox 298 2009 318 2039; x_wconf 91' lang='lat'>1</span> <span class='ocrx_word' id='word_1_174' title='bbox 344 1990 588 2040; x_wconf 79' lang='lat' dir='ltr'>simillimi,</span> <span class='ocrx_word' id='word_1_175' title='bbox 1042 1987 1070 2033; x_wconf 82' lang='lat'><strong>5</strong></span> <span class='ocrx_word' id='word_1_176' title='bbox 1083 1986 1292 2047; x_wconf 59' lang='lat' dir='ltr'>‘Apparet</span> <span class='ocrx_word' id='word_1_177' title='bbox 1301 1986 1650 2036; x_wconf 76' lang='lat' dir='ltr'>enimvitamrns·</span> 
     </span>
    </p>
   </div>
   <div class='ocr_carea' id='block_1_4' title="bbox 227 2118 1658 2250">
    <p class='ocr_par' dir='ltr' id='par_1_12' title="bbox 227 2118 1658 2250">
     <span class='ocr_line' id='line_1_27' title="bbox 227 2118 1657 2187; baseline -0.008 -13"><span class='ocrx_word' id='word_1_178' title='bbox 227 2142 384 2182; x_wconf 78' lang='lat' dir='ltr'>servus</span> <span class='ocrx_word' id='word_1_179' title='bbox 397 2160 411 2181; x_wconf 91' lang='lat'>,</span> <span class='ocrx_word' id='word_1_180' title='bbox 430 2126 512 2187; x_wconf 87' lang='lat' dir='ltr'>qui</span> <span class='ocrx_word' id='word_1_181' title='bbox 530 2124 623 2169; x_wconf 86' lang='lat' dir='ltr'>liba</span> <span class='ocrx_word' id='word_1_182' title='bbox 643 2122 782 2170; x_wconf 82' lang='lat' dir='ltr'>edere</span> <span class='ocrx_word' id='word_1_183' title='bbox 802 2137 915 2168; x_wconf 86' lang='lat' dir='ltr'>eon·</span> <span class='ocrx_word' id='word_1_184' title='bbox 981 2120 1231 2174; x_wconf 86' lang='lat' dir='ltr'>urbanam,</span> <span class='ocrx_word' id='word_1_185' title='bbox 1246 2119 1358 2179; x_wconf 88' lang='lat' dir='ltr'>quia</span> <span class='ocrx_word' id='word_1_186' title='bbox 1369 2118 1657 2178; x_wconf 63' lang='lat' dir='ltr'>divites,quae</span> 
     </span>
     <span class='ocr_line' id='line_1_28' title="bbox 228 2182 1658 2250; baseline -0.008 -10"><span class='ocrx_word' id='word_1_187' title='bbox 228 2197 390 2250; x_wconf 84' lang='lat' dir='ltr'>suevit,</span> <span class='ocrx_word' id='word_1_188' title='bbox 402 2192 587 2239; x_wconf 83' lang='lat' dir='ltr'>tandem</span> <span class='ocrx_word' id='word_1_189' title='bbox 598 2188 918 2249; x_wconf 82' lang='lat' dir='ltr'>desideratpa·</span> <span class='ocrx_word' id='word_1_190' title='bbox 982 2188 1021 2231; x_wconf 90' lang='lat' dir='ltr'>si</span> <span class='ocrx_word' id='word_1_191' title='bbox 1040 2185 1205 2231; x_wconf 64' lang='lat' dir='ltr'>natura</span> <span class='ocrx_word' id='word_1_192' title='bbox 1224 2186 1373 2240; x_wconf 87' lang='lat' dir='ltr'>duee,</span> <span class='ocrx_word' id='word_1_193' title='bbox 1393 2185 1447 2230; x_wconf 87' lang='lat' dir='ltr'>in</span> <span class='ocrx_word' id='word_1_194' title='bbox 1465 2188 1557 2231; x_wconf 84' lang='lat' dir='ltr'>suis</span> <span class='ocrx_word' id='word_1_195' title='bbox 1575 2182 1658 2228; x_wconf 80' lang='lat' dir='ltr'>aedi·</span> 
     </span>
    </p>
   </div>
   <div class='ocr_carea' id='block_1_5' title="bbox 136 2250 1658 2318">
    <p class='ocr_par' dir='ltr' id='par_1_13' title="bbox 136 2250 1658 2318">
     <span class='ocr_line' id='line_1_29' title="bbox 136 2250 1658 2318; baseline -0.01 -9"><span class='ocrx_word' id='word_1_196' title='bbox 136 2311 145 2318; x_wconf 16' lang='lat'>.⁷</span> <span class='ocrx_word' id='word_1_197' title='bbox 230 2277 354 2308; x_wconf 87' lang='lat' dir='ltr'>uem.</span> <span class='ocrx_word' id='word_1_198' title='bbox 984 2252 1100 2298; x_wconf 86' lang='lat' dir='ltr'>ficiis</span> <span class='ocrx_word' id='word_1_199' title='bbox 1141 2252 1307 2298; x_wconf 86' lang='lat' dir='ltr'>urbem</span> <span class='ocrx_word' id='word_1_200' title='bbox 1347 2254 1453 2297; x_wconf 90' lang='lat' dir='ltr'>ruri</span> <span class='ocrx_word' id='word_1_201' title='bbox 1491 2250 1658 2297; x_wconf 80' lang='lat' dir='ltr'>similem</span> 
     </span>
    </p>
   </div>
   <div class='ocr_carea' id='block_1_6' title="bbox 293 2049 1661 2376">
    <p class='ocr_par' dir='ltr' id='par_1_14' title="bbox 293 2045 1707 2576">
     <span class='ocr_line' id='line_1_30' title="bbox 293 2049 1654 2119; baseline -0.009 -13"><span class='ocrx_word' id='word_1_202' title='bbox 293 2074 326 2107; x_wconf 69' lang='grc' dir='ltr'>α</span> <span class='ocrx_word' id='word_1_203' title='bbox 340 2060 403 2105; x_wconf 85' lang='lat' dir='ltr'>Ut</span> <span class='ocrx_word' id='word_1_204' title='bbox 411 2057 654 2119; x_wconf 89' lang='lat' dir='ltr'>improbus</span> <span class='ocrx_word' id='word_1_205' title='bbox 664 2052 915 2101; x_wconf 83' lang='lat' dir='ltr'>sacerdotis</span> <span class='ocrx_word' id='word_1_206' title='bbox 980 2055 1120 2099; x_wconf 86' lang='lat' dir='ltr'>ticam</span> <span class='ocrx_word' id='word_1_207' title='bbox 1135 2054 1399 2098; x_wconf 83' lang='lat' dir='ltr'>suaviorem</span> <span class='ocrx_word' id='word_1_208' title='bbox 1424 2067 1528 2097; x_wconf 86' lang='lat' dir='ltr'>esse</span> <span class='ocrx_word' id='word_1_209' title='bbox 1542 2049 1654 2112; x_wconf 68' lang='lat' dir='ltr'>quim</span> 
     </span>
     <span class='ocr_line' id='line_1_31' title="bbox 303 2316 1661 2376; baseline -0.011 -2"><span class='ocrx_word' id='word_1_210' title='bbox 303 2329 332 2374; x_wconf 89' lang='lat'>3</span> <span class='ocrx_word' id='word_1_211' title='bbox 350 2329 508 2374; x_wconf 86' lang='lat' dir='ltr'>Est-ne</span> <span class='ocrx_word' id='word_1_212' title='bbox 524 2325 656 2375; x_wconf 83' lang='lat' dir='ltr'>locus</span> <span class='ocrx_word' id='word_1_213' title='bbox 674 2322 795 2370; x_wconf 86' lang='lat' dir='ltr'>ullus</span> <span class='ocrx_word' id='word_1_214' title='bbox 812 2321 919 2376; x_wconf 82' lang='lat' dir='ltr'>ubi,</span> <span class='ocrx_word' id='word_1_215' title='bbox 985 2319 1184 2365; x_wconf 87' lang='lat' dir='ltr'>reddere</span> <span class='ocrx_word' id='word_1_216' title='bbox 1198 2318 1406 2368; x_wconf 82' lang='lat' dir='ltr'>student.</span> <span class='ocrx_word' id='word_1_217' title='bbox 1418 2320 1544 2364; x_wconf 79' lang='lat' dir='ltr'>Nam</span> <span class='ocrx_word' id='word_1_218' title='bbox 1555 2316 1661 2363; x_wconf 78' lang='lat' dir='ltr'>arbo-</span> 
     </span>
    </p>
   </div>
   <div class='ocr_carea' id='block_1_7' title="bbox 232 2386 1664 2579">
    <p class='ocr_par' dir='ltr' id='par_1_15' title="bbox 232 2386 1664 2579">
     <span class='ocr_line' id='line_1_32' title="bbox 232 2386 1660 2448; baseline -0.009 -9"><span class='ocrx_word' id='word_1_219' title='bbox 232 2394 352 2439; x_wconf 52' lang='lat' dir='ltr'>ete)</span> <span class='ocrx_word' id='word_1_220' title='bbox 986 2402 1061 2431; x_wconf 89' lang='lat' dir='ltr'>res</span> <span class='ocrx_word' id='word_1_221' title='bbox 1083 2387 1133 2431; x_wconf 88' lang='lat' dir='ltr'>iu</span> <span class='ocrx_word' id='word_1_222' title='bbox 1155 2386 1313 2448; x_wconf 36' lang='lat' dir='ltr'>hortis,</span> <span class='ocrx_word' id='word_1_223' title='bbox 1324 2386 1549 2445; x_wconf 79' lang='lat' dir='ltr'>spatiosis</span> <span class='ocrx_word' id='word_1_224' title='bbox 1572 2398 1660 2430; x_wconf 86' lang='lat' dir='ltr'>eou-</span> 
     </span>
     <span class='ocr_line' id='line_1_33' title="bbox 301 2452 1286 2517; baseline -0.006 -14"><span class='ocrx_word' id='word_1_225' title='bbox 301 2462 332 2508; x_wconf 70' lang='grc'><em>4</em></span> <span class='ocrx_word' id='word_1_226' title='bbox 359 2457 598 2517; x_wconf 80' lang='lat' dir='ltr'>Numquid</span> <span class='ocrx_word' id='word_1_227' title='bbox 624 2455 770 2502; x_wconf 86' lang='lat' dir='ltr'>herba</span> <span class='ocrx_word' id='word_1_228' title='bbox 797 2452 923 2499; x_wconf 87' lang='lat' dir='ltr'>dete·</span> <span class='ocrx_word' id='word_1_229' title='bbox 988 2461 1170 2507; x_wconf 88' lang='lat' dir='ltr'>serunt,</span> <span class='ocrx_word' id='word_1_230' title='bbox 1198 2461 1286 2497; x_wconf 83' lang='lat' dir='ltr'>ete.</span> 
     </span>
     <span class='ocr_line' id='line_1_34' title="bbox 236 2517 1664 2579; baseline -0.003 -13"><span class='ocrx_word' id='word_1_231' title='bbox 236 2524 331 2567; x_wconf 69' lang='lat' dir='ltr'>rius</span> <span class='ocrx_word' id='word_1_232' title='bbox 352 2531 429 2567; x_wconf 84' lang='lat' dir='ltr'>aut</span> <span class='ocrx_word' id='word_1_233' title='bbox 448 2522 541 2566; x_wconf 88' lang='lat' dir='ltr'>olet</span> <span class='ocrx_word' id='word_1_234' title='bbox 558 2531 636 2566; x_wconf 86' lang='lat' dir='ltr'>aut</span> <span class='ocrx_word' id='word_1_235' title='bbox 652 2523 767 2565; x_wconf 87' lang='lat' dir='ltr'>nitet</span> <span class='ocrx_word' id='word_1_236' title='bbox 784 2519 924 2579; x_wconf 72' lang='lat' dir='ltr'>quam</span> <span class='ocrx_word' id='word_1_237' title='bbox 1057 2518 1089 2563; x_wconf 87' lang='lat'>6</span> <span class='ocrx_word' id='word_1_238' title='bbox 1117 2520 1160 2563; x_wconf 83' lang='lat' dir='ltr'>Is</span> <span class='ocrx_word' id='word_1_239' title='bbox 1178 2534 1276 2567; x_wconf 80' lang='lat' dir='ltr'>nou</span> <span class='ocrx_word' id='word_1_240' title='bbox 1294 2519 1507 2579; x_wconf 83' lang='lat' dir='ltr'>accipiet</span> <span class='ocrx_word' id='word_1_241' title='bbox 1523 2517 1664 2565; x_wconf 82' lang='lat' dir='ltr'>certius</span> 
     </span>
    </p>
   </div>
   <div class='ocr_carea' id='block_1_8' title="bbox 238 2581 1706 2775">
    <p class='ocr_par' dir='ltr' id='par_1_16' title="bbox 238 2581 1706 2775">
     <span class='ocr_line' id='line_1_35' title="bbox 239 2581 1706 2644; baseline -0.001 -15"><span class='ocrx_word' id='word_1_242' title='bbox 239 2587 488 2644; x_wconf 61' lang='lat' dir='ltr'>lapilli‚„id</span> <span class='ocrx_word' id='word_1_243' title='bbox 515 2596 583 2630; x_wconf 87' lang='lat' dir='ltr'>est</span> <span class='ocrx_word' id='word_1_244' title='bbox 607 2585 839 2632; x_wconf 81' lang='lat' dir='ltr'>marmora</span> <span class='ocrx_word' id='word_1_245' title='bbox 869 2600 929 2629; x_wconf 82' lang='lat' dir='ltr'>ex</span> <span class='ocrx_word' id='word_1_246' title='bbox 995 2584 1237 2639; x_wconf 84' lang='lat' dir='ltr'>damnum,</span> <span class='ocrx_word' id='word_1_247' title='bbox 1256 2585 1511 2643; x_wconf 81' lang='lat' dir='ltr'>quinescit</span> <span class='ocrx_word' id='word_1_248' title='bbox 1523 2585 1665 2630; x_wconf 85' lang='lat' dir='ltr'>discer-</span> <span class='ocrx_word' id='word_1_249' title='bbox 1705 2581 1706 2586; x_wconf 69' lang='grc'>’</span> 
     </span>
     <span class='ocr_line' id='line_1_36' title="bbox 240 2648 1664 2714; baseline 0.004 -23"><span class='ocrx_word' id='word_1_250' title='bbox 240 2651 459 2694; x_wconf 66' lang='lat' dir='ltr'>&#39;Numidia</span> <span class='ocrx_word' id='word_1_251' title='bbox 492 2650 704 2704; x_wconf 82' lang='lat' dir='ltr'>advecta,</span> <span class='ocrx_word' id='word_1_252' title='bbox 741 2667 797 2695; x_wconf 84' lang='lat' dir='ltr'>ex</span> <span class='ocrx_word' id='word_1_253' title='bbox 829 2650 931 2709; x_wconf 83' lang='lat' dir='ltr'>qui-</span> <span class='ocrx_word' id='word_1_254' title='bbox 992 2665 1105 2695; x_wconf 88' lang='lat' dir='ltr'>nere</span> <span class='ocrx_word' id='word_1_255' title='bbox 1124 2653 1360 2714; x_wconf 64' lang='lat' dir='ltr'>piu-puras</span> <span class='ocrx_word' id='word_1_256' title='bbox 1376 2684 1392 2705; x_wconf 92' lang='lat'><strong>‚</strong></span> <span class='ocrx_word' id='word_1_257' title='bbox 1421 2648 1664 2713; x_wconf 75' lang='lat' dir='ltr'>quamqui‚</span> 
     </span>
     <span class='ocr_line' id='line_1_37' title="bbox 238 2711 1086 2775; baseline 0.009 -21"><span class='ocrx_word' id='word_1_258' title='bbox 238 2711 327 2756; x_wconf 82' lang='lat' dir='ltr'>bus</span> <span class='ocrx_word' id='word_1_259' title='bbox 354 2717 513 2760; x_wconf 84' lang='lat' dir='ltr'>Romae</span> <span class='ocrx_word' id='word_1_260' title='bbox 547 2715 663 2760; x_wconf 86' lang='lat' dir='ltr'>fiunt</span> <span class='ocrx_word' id='word_1_261' title='bbox 689 2716 930 2775; x_wconf 75' lang='lat' dir='ltr'>pavimen-</span> <span class='ocrx_word' id='word_1_262' title='bbox 996 2725 1086 2762; x_wconf 80' lang='lat' dir='ltr'>ete.</span> 
     </span>
    </p>
   </div>
   <div class='ocr_carea' id='block_1_9' title="bbox 234 2778 1666 2855">
    <p class='ocr_par' dir='ltr' id='par_1_17' title="bbox 234 2778 1666 2855">
     <span class='ocr_line' id='line_1_38' title="bbox 234 2778 1666 2855; baseline -0.004 -20"><span class='ocrx_word' id='word_1_263' title='bbox 234 2779 319 2855; x_wconf 51' lang='lat'>‘⁴¹12</span> <span class='ocrx_word' id='word_1_264' title='bbox 1067 2798 1097 2844; x_wconf 89' lang='lat'><em>7</em></span> <span class='ocrx_word' id='word_1_265' title='bbox 1128 2783 1248 2830; x_wconf 89' lang='lat' dir='ltr'>Cum</span> <span class='ocrx_word' id='word_1_266' title='bbox 1263 2783 1485 2852; x_wconf 65' lang='lat' dir='ltr'>purpura</span> <span class='ocrx_word' id='word_1_267' title='bbox 1508 2778 1666 2833; x_wconf 67' lang='lat' dir='ltr'>sidonii</span> 
     </span>
    </p>
   </div>
  </div>
 </body>
</html>
