1747 2988
265 97 332 144 es
587 93 656 153 Q.
692 88 1051 139 ιιοιιΑΤιι
1085 89 1386 141 FLAcc1

827 178 1048 227 Claustra
1069 172 1266 234 tenebo.

438 251 522 298 Me
539 261 678 314 pater
697 250 837 297 saevis
855 260 1030 297 oneret
1047 251 1257 310 eatenis,

441 321 596 381 Quod
616 321 726 367 viro
734 321 959 373 [clemens
979 321 1160 368 misero
1179 321 1402 384 peperci3

435 392 519 438 Me
536 392 616 439 vel
633 396 883 439 extremos
903 391 1237 439 Numidarum
1256 397 1311 440 in
1328 408 1473 458 agros

829 463 991 510 Classe
1015 463 1211 527 releget.

437 534 463 580 Ι
479 532 629 597 pedes
645 533 748 597 quo
768 545 815 581 te
834 535 1047 598 rapiunt
1054 545 1104 580 et
1126 549 1283 593 aurae,

438 605 575 651 Dum
598 604 729 651 favet
747 621 853 652 nox
871 615 921 651 et
940 606 1135 651 Venus:
1154 605 1173 650 i
1192 604 1411 653 secundo
1477 618 1480 621 ’

436 676 618 722 Omine
630 707 648 734 ‚
667 686 718 722 et
737 675 898 723 nostri
916 691 1187 722 memorem
1205 677 1437 743 sepulcro

409 751 413 755 ’
825 745 999 810 Soalpe
1016 747 1291 811 querelam.

932 911 1123 929 mm

1271 946 1281 971 Ι

760 1024 978 1091 ODE
1051 1026 1236 1110 Ixf

462 1168 569 1217 AD
605 1155 945 1218 FONTEM
979 1172 1495 1237 BffANnUsmM.

401 1271 483 1358 O
506 1326 533 1357 ιτ
543 1326 574 1357 o
586 1324 620 1356 ιι
631 1327 654 1358 s
666 1311 960 1371 Bandusiae,
978 1304 1289 1376 splendidior
1306 1315 1439 1364 vitro
1449 1349 1467 1376 ‚
1512 1335 1518 1338 ’

397 1381 545 1428 Dulci
561 1380 575 1402 ¹
592 1380 739 1444 digne
759 1398 899 1429 mero
916 1399 1021 1429 non
1040 1385 1145 1431 sine
1161 1383 1398 1447 floribus,

712 1455 828 1513 Cras
851 1451 1115 1504 donaberis
1132 1455 1283 1503 hoedo
1295 1488 1313 1516 ‚

675 1525 769 1573 Cui
786 1524 927 1574 frons
943 1527 1140 1592 turgida
1157 1525 1395 1576 cornibus

368 1594 597 1655 Primis,
614 1607 664 1643 et
682 1612 912 1644 venerem
932 1608 981 1645 et
999 1598 1168 1662 proelia
1189 1598 1423 1647 destinat:

397 1665 622 1723 Frustra3
641 1683 756 1728 nam
778 1667 964 1729 gelidos
984 1667 1173 1716 inficiet
1192 1668 1282 1715 tihi

712 1723 891 1784 Rubro
910 1740 1149 1803 sanguine
1171 1740 1308 1787 rivos

672 1809 860 1854 Lascivi
880 1809 1075 1857 soboles
1096 1811 1271 1874 gregis.

393 1877 463 1923 Te
483 1874 730 1940 flagrantis
749 1889 895 1925 atrox
913 1880 1038 1928 hora
1060 1880 1304 1930 Caniculae

391 1946 564 1994 Nescit
581 1958 801 2011 tangere:
824 1960 883 1996 tu
902 1951 1058 2016 frigus
1076 1952 1285 2002 amabile

707 2021 860 2070 Fessis
879 2037 1079 2070 vomere
1098 2025 1256 2071 tauris

672 2090 863 2139 Praebes
883 2104 933 2139 et
941 2096 1119 2159 pecori
1138 2110 1279 2162 vago,

388 2160 494 2208 Fies
519 2159 768 2209 nobilium
788 2173 846 2210 tu
859 2180 1074 2246 ‘quoque
1094 2165 1339 2232 fontium,

387 2232 471 2277 Me
492 2231 685 2280 dicente
704 2235 836 2281 cavis
855 2235 1140 2299 impositam
1161 2237 1321 2283 ilicem

606 2311 609 2318 '
702 2306 866 2370 Saxis,
886 2296 1019 2352 unde
1036 2306 1267 2370 loq'uaces

640 2364 905 2444 „Lymphae
924 2375 1159 2442 desiliunt
1179 2390 1293 2432 tuae.
1333 2414 1337 2420 ,

317 2507 338 2537 1
375 2492 524 2555 Digne
542 2509 674 2541 mero
692 2496 742 2541 in
760 2498 995 2546 sacrificiis
1011 2500 1237 2547 exhibito.
1281 2554 1286 2562 .
1307 2497 1310 2498 ⁷
