1747 2988
182 138 186 143 ’
277 170 343 215 9,
593 152 658 211 Q.
695 147 1057 198 HoRA'rn
1093 146 1392 198 FLACCI

416 241 604 286 Jactata
624 239 798 285 Tuscis
816 237 1102 301 aequoribus
1123 253 1280 298 sacra,

488 311 743 373 Natosque
752 341 769 369 ‚
788 319 1110 372 maturosque
1127 320 1291 371 patres
1300 340 1320 368 ‚

329 439 332 440 ⁷
559 380 772 428 Pertulit
789 380 1037 427 Ausonias
1056 380 1118 426 ad
1137 380 1311 439 urbes,

420 450 576 502 Duris
592 462 651 498 ut
666 451 768 498 ilex
785 462 927 499 tonsa
943 450 1248 514 bipennibus

418 523 585 585 Nigrae
603 522 749 570 feraci
766 522 958 570 frondis
976 522 1031 568 in
1048 520 1260 584 Algido,

489 596 582 641 Per
600 593 803 653 damna,
819 609 910 656 per
927 591 1106 651 caedes,
1123 591 1184 638 ab
1201 592 1313 655 ipso

560 666 714 712 Ducit
732 680 851 727 opes
868 664 1194 726 animumque
1211 662 1358 708 ferro.

422 736 541 784 Non
558 735 727 799 Hydra
746 744 878 782 secto
899 749 1108 797 corpore
1125 731 1321 781 firmior

334 847 341 856 .
423 807 572 854 Vinci
591 805 841 853 dolentem
858 805 1015 852 crevit
1030 805 1086 851 in
1103 804 1394 862 Herculem:

494 879 844 924 Monstrumve
862 875 1134 924 submisere
1153 875 1330 923 Colchi

562 947 726 1009 Maius
736 980 753 1007 ‚
771 945 1296 995 EchioniaeveThebae.

426 1020 611 1065 Merses
631 1017 916 1080 profundo,
934 1017 1194 1081 pulchrior
1211 1009 1400 1064 eveniti

426 1091 634 1135 Luctere
644 1120 661 1148 ‚
680 1086 838 1134 multa
855 1098 1066 1150 proruet
1079 1088 1334 1150 integrum

498 1159 627 1206 Cum
644 1156 789 1205 laude
808 1158 1049 1205 victorem
1060 1190 1077 1217 ,
1096 1169 1330 1222 geretque

566 1229 743 1277 Proelia
760 1228 1063 1293 conjugibus
1080 1228 1345 1291 loquenda.
1385 1287 1389 1292 Δ

430 1300 716 1363 Carthagini
733 1300 833 1362 jam
851 1306 959 1348 non
976 1316 1067 1363 ego
1086 1301 1293 1347 nuntios

429 1373 627 1419 Mittam
646 1370 914 1434 superbos:
933 1370 1140 1430 occidit,
1159 1370 1339 1418 occidit

501 1444 621 1506 Spes
641 1442 804 1491 omnis
823 1453 873 1489 et
890 1441 1091 1489 fortuna
1110 1444 1269 1489 nostri

568 1512 799 1562 Nominis
809 1548 827 1574 ‚
843 1513 1150 1562 Hasdrubale
1168 1514 1484 1577 interempto.

433 1586 518 1634 Nil
537 1586 751 1634 Claudiae
767 1602 872 1634 non
892 1584 1150 1649 perficient
1169 1601 1371 1642 manus,

434 1657 572 1717 Quas
590 1668 639 1703 et
655 1656 872 1718 benigno
892 1658 1098 1703 numine
1116 1656 1351 1719 Juppiter

501 1726 763 1786 Defendit,
781 1737 832 1772 et
848 1742 978 1773 curae
996 1743 1187 1790 sagaces

573 1797 857 1860 Expediunt
875 1814 964 1862 per
981 1810 1122 1846 acuta
1139 1798 1272 1845 belli.

869 1964 987 1982 ms
992 1948 1671 1982 §ww-§mmmm

807 2089 1025 2157 ODE
1073 2089 1218 2162 IV.,
1286 2190 1292 2195 .

693 2228 799 2275 AD
845 2226 1322 2276 AUGUSTUM.

312 1962 427 1982 §m
430 1959 615 1981 “MS

434 2330 519 2416 D
531 2384 652 2416 1v1s
672 2380 780 2416 orte
798 2369 972 2430 bonis,
992 2371 1180 2434 optime
1198 2368 1430 2423 Romulae

380 2448 383 2455 ⁴
435 2440 614 2486 Custos
632 2439 817 2501 gentis,
836 2440 948 2487 abes
964 2441 1065 2503 jam
1083 2437 1297 2487 nimium
1319 2437 1432 2485 diu:

431 2510 691 2573 Maturum
711 2510 927 2558 reditum
945 2512 1200 2575 pollicitus
1218 2520 1420 2572 patrum

714 2580 895 2628 Sancto
911 2579 924 2602 ¹
940 2583 1178 2642 concilio,
1197 2580 1316 2628 redi.

364 2715 382 2744 1
412 2699 582 2745 Sancto
599 2710 863 2748 senatorum
883 2701 1043 2748 eoetui.
1114 2762 1124 2772 .
