1747 2988
243 114 270 144 2
568 99 633 161 Q.
670 100 1024 155 nonam
1059 103 1355 156 FLACCI

382 189 548 237 certat
561 187 574 209 ¹
591 189 872 252 tergeminis
894 190 1067 238 tollere
1085 191 1391 256 honoribus3

378 259 528 306 Illum
539 290 555 318 ,
574 260 616 305 si
631 261 842 323 proprio
860 261 1086 309 condidit
1103 263 1286 312 horreo

381 329 645 392 Quidquid
664 329 724 376 de
741 330 937 396 Libycis
955 333 1171 380 verritur
1188 336 1327 384 areis.

378 399 688 448 Gaudentem
705 402 893 464 patrios
912 401 1100 452 findere
1119 407 1312 463 sarculo

374 472 538 534 Agros
552 471 570 493 ²
583 472 809 520 Attalicis
824 473 1203 524 conditionibus

375 541 666 604 Numquam
687 543 936 592 dimoveas
957 558 1016 594 ut
1034 547 1170 594 trabe
1191 546 1368 612 Cypria

376 613 639 675 Myrtoum
659 616 869 678 pavidus
889 626 1039 664 nauta
1059 629 1189 665 secet
1207 634 1353 666 mare.

374 684 667 733 Luctantem
687 686 850 733 Icariis
869 685 1107 736 fluctibus
1126 688 1355 736 Africum

370 754 624 803 Mercator
642 768 868 805 metuens
880 789 896 817 ,
916 759 1078 806 otium
1097 769 1147 806 et
1165 759 1360 835 oppidi

350 874 351 879 ,
373 825 562 879 Laudat
580 843 694 881 runa
714 829 816 875 sui:
841 826 962 875 mox
979 828 1137 877 reficit
1153 842 1280 879 rates

376 894 614 958 Quassas,
632 898 860 949 indocilis
879 902 1167 964 pauperiem
1185 903 1305 965 pati.

370 968 457 1014 Est
479 968 566 1030 (χιιι
584 986 675 1015 nec
694 971 875 1016 veteris
893 972 1074 1033 pocula
1093 974 1315 1032 Massici,

373 1039 478 1085 Nec
497 1050 688 1102 partem
707 1039 866 1088 solido
882 1036 900 1063 ³
915 1040 1110 1088 demere
1131 1041 1191 1088 de
1210 1043 1290 1090 die

374 1109 599 1172 Spernit,
617 1127 754 1158 nunc
774 1108 924 1157 viridi
944 1111 1167 1159 membra
1186 1113 1280 1161 sub
1299 1115 1478 1164 arbuto

372 1182 588 1239 Stratus,
607 1197 744 1228 nunc
763 1180 825 1227 ad
844 1197 984 1244 aquae
1000 1183 1111 1231 lene
1130 1197 1280 1248 caput
1298 1202 1457 1234 sacrae.

371 1252 566 1298 Multos
585 1262 740 1299 castra
759 1250 962 1313 juvant,
980 1265 1029 1300 et
1047 1255 1175 1303 lituo
1197 1256 1331 1303 tubae

369 1321 652 1370 Permixtas
666 1322 864 1369 'sonitus
875 1352 891 1382 0,
908 1322 1136 1390 bellaque
1155 1327 1397 1375 matribus

369 1394 633 1440 Detestata.
662 1394 833 1440 Manet
850 1394 945 1442 sub
958 1397 976 1425 ⁴
990 1398 1118 1443 Jove
1138 1397 1319 1461 frigido

369 1465 614 1523 Venator,
634 1475 811 1513 tenerae
829 1464 1058 1533 conjugis
1076 1469 1364 1529 immemor;

369 1538 468 1583 Seu
487 1536 589 1583 visa
607 1546 680 1584 est
697 1538 873 1606 catulis
891 1555 1034 1586 cerva
1052 1538 1311 1602 fidelibus,

369 1609 466 1653 Seu
488 1609 626 1669 rupit
646 1618 822 1655 teretes
840 1611 1037 1658 Marsus
1056 1628 1173 1675 aper
1189 1613 1370 1675 plagas.

369 1678 454 1722 Me
475 1676 732 1725 doctarum
753 1678 910 1726 ederae
927 1682 1130 1743 praemia
1149 1682 1392 1730 frontium

369 1747 458 1794 Dis
478 1748 683 1796 miscent
701 1752 919 1813 superis;
939 1767 1019 1797 me
1036 1752 1255 1814 gelidum
1277 1769 1479 1813 nemus,

369 1818 820 1885 Nympharumque
837 1822 970 1868 leves
990 1838 1104 1869 cum
1126 1824 1309 1887 Satyris
1327 1824 1494 1885 chori,

369 1891 646 1937 secernunt
662 1893 882 1955 populo3
901 1893 942 1939 si
960 1909 1123 1955 neque
1143 1893 1286 1942 tibias

366 1960 581 2024 Euterpe
598 1962 825 2022 cohibet,
846 1979 937 2010 nec
957 1965 1287 2029 Polyhymnia

316 2061 329 2078 κ,
368 2031 618 2079 Lesboum
637 2034 820 2096 refugit
839 2034 1039 2081 tendere
1057 2035 1305 2084 barbiton.

370 2101 526 2161 Quod
546 2105 587 2150 si
607 2122 684 2151 me
701 2105 868 2168 lyricis
888 2105 1085 2153 vatibus
1102 2108 1312 2168 inseres,
1395 2109 1404 2118 '

370 2172 580 2221 Sublimi
601 2176 770 2224 feriam
789 2176 947 2223 sidera
965 2178 1161 2224 vertice.

300 2308 318 2339 1
341 2294 607 2344 Honoribus
621 2293 907 2360 amplissimis
977 2303 1095 2363 regis
1112 2317 1223 2363 opes
1239 2302 1489 2360 ei-offefflS,
1510 2308 1673 2367 cujus-

227 2369 273 2426 εἷς
305 2363 512 2408 maximis
526 2398 540 2420 ‚
589 2366 661 2410 vel
697 2366 907 2413 ‘aedilitate
978 2370 1107 2414 modi
1125 2379 1251 2414 erant
1268 2371 1404 2416 Attali
1423 2375 1542 2434 regis
1563 2377 1675 2422 Per·

227 2429 426 2486 majore,
452 2431 647 2491 praetura
672 2442 716 2477 et
743 2449 907 2481 consu·
976 2437 1112 2497 gami.
1387 2497 1390 2500 Α
1484 2497 1488 2501 ⁴

226 2492 333 2539 latu.
684 2547 687 2554 ‚
1047 2503 1075 2549 3
1106 2501 1333 2564 Frangere
1368 2504 1491 2553 diem
1523 2509 1676 2556 inter-

293 2576 324 2607 2
340 2564 600 2623 Numquam
616 2580 721 2610 eum
737 2566 796 2612 de
811 2583 909 2612 sen·
933 2599 938 2606 «
978 2570 1201 2615 mittendo
1220 2570 1443 2617 laborem.

224 2628 364 2674 tentia
378 2629 457 2675 suA
473 2630 687 2687 deducas,
702 2636 908 2694 quamvis
1047 2642 1075 2689 4
1095 2637 1191 2683 Sub
1206 2635 1309 2684 aere
1322 2638 1509 2702 frigido.

187 2709 263 2760 Q
