1747 2988
354 122 951 173 EPISTOLAR-UM
986 126 1136 173 LIB.
1176 127 1249 173 ΙΙ.
1415 129 1519 175 261

32 211 331 277 Auspiciis
350 223 513 259 totum
535 211 756 259 confecta
777 213 938 259 duella
953 228 1042 275 per
1063 213 1232 261 orbem
1244 247 1262 273 ‚

37 286 406 345 Claustraque
426 283 682 337 custodem
701 283 832 346 pacis
850 283 1134 330 cohibentia
1156 286 1337 331 Janum
1349 316 1367 343 ‚

39 357 122 405 Et
145 354 480 402 formidatam
498 353 693 400 Parthis
714 365 761 399 te
780 354 1006 417 principe
1024 356 1234 401 Romam
1248 372 1276 412 3‘

39 428 139 487 Si,
165 423 427 489 quantnm
447 440 705 487 cuperem,
723 440 920 488 possem
941 441 1167 489 qnoque:
1188 426 1273 472 sed
1294 441 1455 489 neque

255 511 469 558 parvum

46 570 298 618 Carmen
315 565 541 627 majestas
558 567 733 630 recipit
751 577 864 626 tna,
883 583 974 614 nec
994 583 1134 615 meus
1152 567 1303 633 audet

44 643 209 687 Rem
233 647 424 683 tentare
442 637 608 700 pudor
626 652 776 700 quam
796 639 925 685 vires
944 638 1070 685 ferre
1090 649 1334 685 recusent.

40 707 326 759 sedulitas
346 718 539 766 antem,
561 708 711 755 stulte
730 725 881 771 quem
900 706 1086 773 diligit,
1107 720 1274 771 urget,

42 778 333 841 Praecipue
353 795 508 841 quum
528 795 579 825 se
595 781 816 826 numeris
835 779 1149 827 commendat
1169 790 1219 825 et
1236 790 1363 826 arte:

40 850 238 901 Discit
256 850 389 895 enim
408 848 555 896 citius
571 850 898 912 meminitque
916 848 1151 898 libentius
1168 849 1295 897 illud

43 919 235 1005 Quod
257 920 372 982 quis
387 920 601 978 deridet,
622 937 771 984 qnam
791 920 930 982 quod
947 920 1126 984 probat
1143 931 1194 967 et
1212 930 1491 968 veneratur.

41 997 97 1044 N
101 980 147 1043 11
174 1006 353 1037 moror
371 990 595 1038 officium
614 991 753 1054 quod
772 1007 850 1038 me
864 1001 1061 1055 gravate
1082 1008 1138 1039 ac
1157 1007 1336 1061 neque
1338 989 1457 1039 ficto

41 1070 115 1113 111
136 1060 300 1127 pejus
321 1057 489 1108 vnltn⁹
492 1063 710 1125 proponi
728 1078 899 1109 cerens
918 1079 1156 1126 nsquam,

45 1137 103 1185 N
107 1150 178 1183 ec
204 1132 355 1195 plave
379 1131 516 1179 factis
537 1133 756 1180 decorari
778 1134 1002 1180 versibus
1020 1144 1170 1196 opt03

44 1204 164 1258 Ne¹
180 1201 417 1249 ‘'rubeam
437 1203 612 1265 pingui
631 1203 845 1250 donatus
862 1218 1094 1261 munere,
1114 1213 1164 1249 et
1183 1201 1283 1249 unzi

44 1279 207 1327 Cum
227 1270 467 1336 scriptore
486 1289 597 1319 meo
608 1294 631 1329 5
645 1272 803 1335 capszi'
824 1273 1103 1335 'porrectus
1124 1273 1317 1336 aperti,

44 1347 286 1398 Deferat
302 1345 357 1390 in
374 1343 539 1389 vicum
563 1343 860 1391 vendentem
883 1344 1002 1391 thus
1021 1355 1071 1390 et
1090 1343 1294 1401 odores,

40 1422 117 1469 Et
144 1415 328 1483 piper,
351 1424 400 1460 et
420 1414 668 1478 quidquid
687 1414 890 1461 chartis'
904 1415 1153 1462 ²amicitnr
1170 1413 1371 1478 ineptis.

64 1594 1489 1642 ΜωῃὶἏΜΜΜΏἎΒἎΜδἏΟψ

420 1722 982 1823 EPIST‘OLA
1053 1757 1167 1822 11.

361 1901 465 1959 An
510 1880 824 1961 jULIUM
868 1913 1231 1961 FLORUM.

50 2021 133 2108 F
139 2074 177 2103 ῐ.
192 2070 224 2100 0
235 2069 266 2099 n
279 2068 306 2098 Ε
317 2085 334 2112 ‚
354 2052 490 2102 bono
507 2054 736 2117 claroque
755 2052 913 2101 fidelis
932 2056 1084 2100 amice
1102 2055 1318 2112 Neroni,

51 2130 113 2178 Si
139 2125 264 2189 quis
285 2122 411 2171 forte
433 2121 817 2187 velit¹³puerum
839 2125 932 2171 tibi
950 2124 1184 2182 vendere,
1206 2135 1379 2169 natum

50 2198 167 2248 Tib
176 2211 267 2243 ure
289 2195 366 2250 vel
383 2194 573 2254 Gabiis,
597 2206 646 2241 et
667 2206 830 2242 tecum
850 2196 920 2244 sic
940 2204 1070 2257 agat:
1093 2195 1214 2250 llic,
1233 2204 1283 2240 ct

54 2265 334 2320 Candidus
355 2276 402 2311 et
424 2265 545 2311 talos
564 2283 591 2311 a
611 2266 793 2311 vertice
812 2265 1020 2328 pulcher
1038 2264 1099 2311 ad
1118 2264 1271 2321 imos,

49 2341 179 2390 Fiet
196 2336 391 2399 eritque
412 2334 548 2383 tuus¹
560 2332 906 2382 ⁴nummorum
925 2333 1141 2381 millibus
1160 2344 1301 2395 octo,

130 2476 171 2522 9
188 2457 397 2516 proponi
415 2459 461 2501 in
478 2458 686 2518 publico.
825 2473 906 2503 ver
924 2459 970 2502 in
990 2456 1117 2503 cistzi.

141 2543 162 2573 1
174 2541 207 2570 o
253 2526 324 2568 Ne
366 2524 546 2584 pudore
587 2524 760 2570 afficiar
830 2527 833 2528 ⁷
901 2539 958 2570 19.
977 2524 1243 2569 involvitur.

51 2607 229 2645 crasso
250 2590 506 2650 descriptus
526 2592 739 2636 carmine.
901 2607 918 2637 1
931 2591 958 2637 3
978 2592 1184 2635 Servum.

141 2674 201 2707 ιι
224 2659 468 2713 Extentus,
485 2659 613 2718 quasi
629 2658 759 2703 cada·
829 2669 835 2675 ·
902 2662 958 2709 14
980 2657 1144 2704 Soluto
1161 2656 1328 2716 pretio.
