1747 2988
254 121 356 170 204
576 109 642 169 Q.
677 104 1041 155 HORATH
1076 104 1383 155 FLAcct

251 198 539 250 Pervellunt
556 195 897 251 stomachum3
916 193 1062 254 siser’,
1079 193 1247 253 halec,
1267 194 1443 241 faecula
1464 195 1568 244 Coa.

251 273 342 318 His
361 270 450 317 ubi
470 267 677 315 sublatis
694 282 821 330 puer
840 264 938 312 alte
956 265 1152 323 cinctus
1171 280 1404 312 acernam

255 345 479 403 Gausape
499 352 760 403 purpureo
777 351 998 383 mensam
1017 337 1275 400 pertersit,
1294 347 1346 384 et
1365 336 1489 384 alter

254 412 478 476 sublegit
497 410 854 473 quodcumque
876 406 1056 469 jaceret
1072 407 1281 467 inutile,
1297 407 1539 472 quodque

253 487 427 532 Posset
444 490 692 529 coenantes
711 478 992 535 offendere3
1012 488 1070 525 ut
1089 479 1256 525 Attica
1273 480 1418 543 virgo

255 559 386 605 Cum
405 553 551 601 sacris
573 552 787 610 Cereris,
806 549 1034 614 procedit
1054 548 1225 596 fuscus
1243 550 1532 614 Hydaspes,

259 626 467 674 Caecuba
487 624 602 671 vina
623 620 1028 679 ferens3¹Alc0n‚
1047 620 1232 668 Chium
1254 622 1403 668 maris
1422 637 1602 685 expers.

255 698 349 743 Hic
368 696 548 743 herus:
573 692 851 751 Albanum,
869 693 1140 753 Maecenas»,
1159 692 1261 738 sive
1279 692 1549 739 Falernum

255 770 326 817 Te
348 767 502 830 magis
522 763 763 831 appositis
783 762 1021 823 delectat,
1036 761 1279 810 habemus
1299 773 1588 827 utrumque.

795 852 826 881 n
842 850 875 882 ο
889 850 921 880 ιι
937 850 970 881 Α
982 849 1014 879 ‘r
1029 852 1047 881 1
1062 849 1097 880 u
1114 850 1152 880 s.

256 910 469 957 Divitias
488 908 710 954 miseras!
740 905 836 955 Sed
855 905 997 969 queis
1016 902 1328 951 coenantibus
1349 904 1484 965 una,

254 980 508 1038 Fundani,
527 978 738 1042 pulchre
759 977 913 1024 fuerit
933 976 1025 1023 tibi
1036 1009 1053 1036 ‚
1070 976 1216 1039 nesse
1232 975 1431 1023 laboro.

765 1064 791 1093 ιτ
808 1063 842 1093 u
858 1063 892 1093 n
911 1064 942 1092 n
964 1064 996 1093 A
1011 1062 1043 1092 π
1064 1063 1082 1092 1
1097 1063 1129 1093 u
1146 1064 1186 1093 s.
1488 1086 1491 1091 .

240 1125 490 1170 -Summus
509 1135 625 1183 ego3
645 1128 694 1164 et
712 1134 869 1181 prope
886 1134 964 1164 mc
976 1118 1155 1164 Viscus
1170 1117 1462 1177 Thurinus;
1480 1113 1658 1170 etinfni,

258 1193 310 1241 Si
332 1192 559 1249 memini,
577 1190 781 1237 Varius:
803 1206 918 1236 cum
938 1189 1147 1238 Servilio
1168 1189 1435 1236 Balatrone

257 1262 516 1322 Vibidius,
535 1278 663 1324 quos
686 1263 927 1311 Maecenas
946 1259 1249 1308 adduxerat²
1263 1258 1487 1307 umbras.

205 1354 212 1359 ¹
256 1335 601 1382 Nomentanus
622 1345 724 1379 erat
739 1330 912 1395 ³super
929 1332 1101 1395 ipsum
1113 1362 1128 1389 .‚
1146 1332 1359 1378 Porcius
1375 1329 1532 1392 infra,

257 1405 520 1454 Ridiculus
540 1414 668 1450 totas
685 1403 834 1450 simul
855 1401 1126 1451 obsorbere
1145 1402 1411 1466 placentas.

256 1478 604 1530 Nomentanus
622 1473 683 1521 ad
701 1475 824 1534 hoc,
844 1474 960 1538 qui,
979 1473 1021 1521 si
1039 1473 1169 1538 quid
1187 1474 1316 1522 forte
1335 1474 1537 1534 lateret,

256 1549 423 1597 Indice
443 1558 741 1596 monstraret
762 1547 946 1611 digito:
968 1561 1082 1593 nam
1100 1556 1258 1592 cetera
1279 1546 1459 1606 turba,

255 1622 389 1679 Nos,
406 1621 611 1683 inquam
622 1652 643 1678 ‚
656 1634 906 1666 coenamus
925 1633 1038 1664 aves
1052 1650 1068 1677 ‚
1087 1617 1378 1681 conchylia,
1395 1619 1573 1681 pisces,

254 1691 424 1755 Longe
444 1690 729 1737 dissimilem
751 1687 1109 1737 n0t0⁴celantia
1126 1691 1361 1746 succum3

254 1763 326 1809 Ut
343 1761 424 1807 vel
448 1762 691 1808 continuo
708 1761 897 1824 patuit,
916 1776 1079 1823 quum
1097 1761 1305 1825 passeris
1322 1771 1481 1823 atque

253 1835 505 1895 Ingustata
526 1832 650 1878 mihi
668 1842 955 1895 porrexerat
973 1833 1055 1879 ilia
1077 1830 1293 1879 rhombi.

251 1905 372 1951 Post
391 1902 488 1948 hoc
508 1920 586 1950 me
607 1903 779 1949 docuit
798 1904 1040 1950 melimela
1061 1903 1237 1950 rubere
1260 1901 1511 1949 minorem

259 1972 340 2020 Ad
352 1970 369 1995 ⁵
383 1973 549 2018 lunam
572 1972 773 2020 delecta.
801 1972 941 2033 Quid
964 1973 1060 2020 hoc
1078 1973 1297 2031 intersit,
1315 1971 1511 2037 abipso

252 2043 484 2092 Audieris
509 2035 700 2089 melius.
730 2045 771 2089 Τ
775 2059 861 2089 um
882 2042 1116 2090 Vibidius
1135 2043 1416 2091 Balatroni:

255 2117 386 2176 Nos,
404 2111 759 2172 nisi⁶damnose
778 2111 1025 2174 bibimus,
1044 2115 1318 2163 moriemur
1336 2116 1508 2163 inulti.

325 2245 343 2275 1
369 2228 496 2274 Alter
509 2244 680 2282 servus,
694 2230 850 2273 vinum
868 2228 937 2273 fe·
1071 2229 1101 2276 3
1120 2229 1268 2290 Supra
1287 2230 1590 2275 Nasidienum.

249 2311 357 2341 rens
386 2296 579 2350 Chium,
607 2309 704 2341 non
730 2310 789 2340 ex
817 2295 935 2341 Chio
1069 2300 1101 2348 4
1147 2298 1271 2341 Intra
1294 2312 1366 2342 -se
1413 2291 1655 2352 continentia

251 2361 397 2406 insula
412 2362 652 2407 advectum
663 2395 676 2416 ‚
693 2362 837 2407 sedin
851 2359 937 2407 Itass
1002 2377 1193 2408 succum
1251 2356 1392 2425 longe
1423 2412 1443 2427 “
1456 2363 1656 2408 meliorem

247 2427 308 2471 lia
329 2426 528 2481 factum,
550 2430 823 2490 simulatan
842 2433 937 2491 iga·-
1003 2443 1144 2474 succo
1181 2439 1321 2485 noto,
1355 2431 1407 2477 id
1446 2441 1513 2476 est
1548 2437 1655 2473 succo

246 2501 333 2537 tur.
1002 2498 1184 2541 usitato.

317 2557 587 2601 9Umbras
606 2559 804 2667 appellat
823 2576 933 2605 con·
1070 2563 1097 2607 5
1120 2557 1364 2609 Crescente
1384 2563 1508 2609 luna.

249 2622 370 2665 vivas
391 2637 416 2665 a
435 2626 627 2667 conviva
646 2639 727 2669 ore
745 2641 841 2671 non
863 2628 933 2671 in·
1067 2629 1098 2673 6
1114 2630 1210 2673 Nisi
1225 2630 1350 2689 large
1366 2631 1563 2680 bibimus
1576 2638 1657 2672 cum

248 2686 427 2731 vitatos.
1000 2692 1170 2740 damno
1189 2698 1514 2743 convivatoris.
