1747 2988
189 131 283 174 132
500 123 1302 185 Q.HORAT1[FLACC1

189 216 415 262 Destinet
432 229 644 261 uxorem
659 229 673 270 ;
690 213 958 261 interdicto
978 213 1097 259 huic
1116 229 1265 260 omne
1282 213 1481 263 adimat
1492 215 1514 257 ὖ
1527 215 1617 277 jus

185 290 400 343 Praetor,
418 296 468 331 et
486 284 548 330 ad
568 300 712 330 sanos
727 286 744 305 ⁸
759 282 901 331 abeat
922 283 1074 331 tutela
1094 284 1435 347 propinquos,

191 355 352 416 Quid!
374 357 415 402 si
435 357 550 419 quis
572 366 769 418 gnatam
789 370 883 417 pro
905 354 1042 400 muta
1062 354 1275 401 devovet
1293 356 1423 418 agna
1436 387 1456 414 .‚

191 430 384 486 Integer
403 437 477 473 est
497 426 681 472 animi?
708 427 800 483 Ne,
806 426 1003 472 dixeris.
1029 426 1189 487 Ergo,
1207 424 1299 472 ubi
1318 442 1479 489 prava

190 488 438 557 Stultitia,
456 497 539 543 hic
558 506 633 543 est
649 513 845 544 summa
862 496 1074 549 insania:
1097 496 1186 557 qui
1203 496 1510 557 sceleiatus,

189 571 248 615 Et
270 567 490 616 furiosus
510 569 626 614 erit.
649 585 800 631 quem
819 569 953 630 cepit
974 567 1126 613 vitrea
1145 565 1299 625 fama,

191 641 339 688 Hunc
353 640 735 688 '‘circumtonuit
753 637 973 701 gaudens
992 637 1195 684 Bellona
1214 653 1369 683 cruen
1377 638 1461 685 tis.

192 713 342 760 Nunc
360 727 445 775 age
457 743 473 771 ‚
495 711 748 758 luxuriam
768 719 818 756 et
835 710 1212 757 Nomentanum
1232 708 1398 770 arripe
1424 714 1658 763 mecum,

192 783 375 829 Vincet
392 782 522 829 enim
544 782 725 828 stultos
747 781 872 826 ratio
893 779 1107 825 insanire
1125 789 1368 847 nepotes,

192 855 285 899 Hic
307 853 457 900 simul
476 853 663 914 accepit
682 849 954 915 patrimoni
975 849 1107 896 mille
1128 849 1335 919 talenta,

194 925 356 972 Edicit
373 925 587 987 piscator
606 923 707 981 uti,
725 921 1006 985 pomarius,
1028 936 1234 983 auceps,

193 994 565 1057 Unguentarius
576 991 614 1051 ‚⁴
627 1009 681 1039 ac
700 994 852 1039 Tusci
872 992 1018 1038 turba
1037 991 1187 1053 impia
1203 991 1328 1050 vici,

194 1068 322 1112 Cum
342 1064 524 1110 scurris
546 1062 726 1121 fartor,
749 1079 866 1110 cum
880 1058 899 1085 ⁵
911 1061 1127 1110 Velabro
1146 1078 1296 1109 omne
1311 1060 1329 1085 ⁶
1346 1065 1626 1112 macellum
1638 1098 1654 1125 ‚

193 1137 246 1181 M
254 1134 342 1181 ane
359 1135 566 1181 domum
581 1134 797 1181 veniant.
815 1131 955 1194 Quid
972 1134 1111 1179 tum?
1126 1131 1321 1178 Venere
1337 1132 1653 1196 frequentes.

191 1206 356 1252 Verba
373 1206 488 1252 facit
502 1205 639 1252 leno:
665 1203 932 1266 Quidquid
947 1203 1096 1261 mihi,
1116 1202 1370 1266 quidquid
1383 1215 1437 1250 et
1453 1206 1650 1259 horum

192 1277 390 1353 Cuique
411 1277 548 1324 domi
568 1287 668 1335 est
683 1275 738 1322 id
756 1275 900 1322 crede
923 1286 1094 1332 tuum3
1114 1284 1162 1320 et
1181 1274 1262 1321 vel
1283 1290 1425 1321 nunc
1448 1288 1601 1339 pete,

366 1339 444 1394 vel
464 1363 583 1395 cras.

192 1419 376 1482 Accipe
395 1417 519 1480 quid
537 1415 741 1464 contra
726 1432 816 1478 μιν
820 1417 924 1463 enis
942 1415 1254 1478 responderit
1271 1432 1481 1479 aequus:

193 1492 252 1537 In
271 1491 386 1538 nive
405 1488 600 1536 Lucana
614 1484 825 1537 ⁷dormis
847 1498 1097 1547 ocreatus,
1119 1499 1177 1535 ut
1194 1503 1378 1551 aprum

191 1562 395 1609 Coenem
417 1578 534 1624 ego3
548 1557 628 1607 ὃῑιι
645 1560 804 1623 pisces
822 1560 1036 1606 hiberno
1056 1575 1118 1605 ex
1135 1574 1337 1621 aequore
1355 1560 1529 1608 vellis:

189 1634 365 1696 Segnis
385 1650 503 1695 ego,
522 1632 757 1694 indiguus
775 1631 865 1695 qui
884 1628 1081 1677 tantum
1100 1630 1400 1692 possideam.
1432 1633 1625 1681 Aufer:

191 1706 343 1749 Sume
363 1704 454 1750 tibi
474 1703 659 1760 decies3
682 1702 774 1749 tibi
792 1700 1131 1757 tantumdem3
1156 1700 1247 1747 tibi
1266 1701 1488 1766 triplex,

190 1774 344 1820 Filius
364 1774 551 1836 Aesopi
568 1773 836 1820 detractam
857 1789 920 1819 ex
939 1787 1056 1822 aure
1076 1772 1290 1834 Metella}
1303 1805 1320 1832 ‚

189 1845 387 1892 Scilicet
408 1855 466 1891 ut
485 1844 642 1892 decies
662 1844 882 1892 solidum
898 1842 1212 1903 exsorberet,
1229 1853 1374 1891 aceto

189 1915 352 1964 Diluit
366 1913 384 1937 ⁹
397 1914 643 1977 insignem
662 1914 886 1962 baccam:
909 1914 995 1976 qui
1006 1913 1179 1961 'sanior
1195 1929 1249 1960 ac
1269 1915 1311 1961 si

262 2054 280 2083 1
304 2040 384 2083 Jus
407 2037 531 2082 hona
553 2051 635 2081 sua
659 2036 878 2081 adminis-
944 2037 1104 2081 Romae
1139 2037 1188 2080 in
1228 2051 1324 2096 quo
1363 2035 1647 2083 habitabant

147 2159 150 2164 ¹
187 2105 353 2150 trandi.
943 2103 1249 2164 unguentarii.

257 2187 286 2218 9.
310 2170 628 2218 Transferatur
650 2186 876 2231 procura-
1009 2170 1041 2217 6
1060 2170 1212 2214 Locus
1230 2169 1478 2230 publicus,
1499 2170 1644 2215 obso-

188 2240 271 2284 tio.
941 2238 1028 2280 uiis
1069 2235 1324 2282 vendendis
1367 2252 1646 2283 accommo-

258 2306 287 2351 3
304 2305 490 2350 Bellona
499 2305 622 2352 hunc
632 2305 877 2349 attonitum
944 2302 1089 2348 datus.
1552 2317 1575 2328 -

187 2372 406 2416 reddidit.
425 2369 432 2374 ’
1009 2384 1039 2427 7
1061 2371 1154 2423 Tu,
1175 2385 1210 2414 o*
1223 2379 1433 2414 venator.

257 2441 288 2488 ά
305 2440 529 2490 Lenones,
544 2435 810 2495 cupediarii,
830 2446 877 2479 et
904 2465 909 2468 ι
1010 2435 1040 2479 8
1061 2437 1154 2489 Tu,
1174 2451 1202 2480 o
1220 2438 1444 2496 piscator.

187 2502 237 2548 id
270 2507 412 2563 genus
443 2502 654 2546 homines
681 2502 873 2560 perditi,
1009 2517 1040 2562 9
1067 2502 1129 2547 Ut
1147 2502 1302 2556 decies
1323 2513 1520 2548 centum
1537 2504 1646 2547 mil-

186 2584 212 2609 x
217 2568 473 2630 oluptatum
490 2567 707 2620 ministri,
726 2569 807 2626 qui
824 2569 872 2611 in
941 2567 1002 2613 lia
1019 2570 1276 2621 sestertium
1297 2586 1548 2618 nummum
1567 2571 1649 2617 de-

189 2648 213 2673 v
218 2634 291 2676 ico
306 2634 460 2676 Tusco
479 2631 761 2675 habitabant.
940 2631 1137 2681 'vox-aret.

257 2697 283 2741 5
319 2695 571 2741 Velabrum
608 2696 739 2743 loeus
776 2708 873 2744 erat

229 2737 318 2794 ’Ἧι
