1747 2988
350 155 812 208 CARMINUM
849 156 995 201 ΜΒ.
1032 155 1130 202 1v.
1392 152 1460 216 93

155 248 349 293 Lucem
367 244 516 291 redde
538 255 658 301 tuae,
678 245 794 290 Dux
814 242 975 302 bone,
994 245 1188 307 patriae:
1263 298 1265 302 ἲ

159 318 331 363 Instar
350 316 478 362 veris
497 316 634 363 enim.
648 314 820 361 vultus
841 313 930 360 ubi
950 325 1067 362 tuus
1116 321 1120 324 “

155 386 397 445 Affulsit‚
416 386 610 449 populo
632 386 817 448 gratior
835 386 875 431 it
894 386 996 432 dies
1008 419 1024 443 ,

443 458 503 503 Et
520 457 647 504 soles
664 454 841 504 melius
859 457 1038 504 nitent.

156 532 230 577 Ut
252 538 414 575 mater
431 526 689 589 juvenem,
708 543 859 591 quem
881 527 1047 574 Notus
1064 527 1238 575 invido

154 602 306 648 Flatu
328 598 581 661 Carpathii
599 610 733 645 trans
755 598 903 658 marie
920 614 1120 661 aequora
1182 619 1186 623 ·

157 672 496 720 Cunctantem
517 670 676 732 spatio
694 667 894 733 longius
913 684 1083 716 annuo

448 741 596 787 Dulci
615 740 815 787 distinet
838 756 873 806 a·
887 738 1064 798 domo,

157 812 313 860 Votis
332 810 688 875 ominibusque
706 822 755 858 et
772 810 1006 873 precibus
1024 821 1196 870 vocat,

83 925 90 930 .
160 884 337 930 Curvo
358 897 449 928 nec
467 880 641 928 faeiem
659 880 828 928 littore
843 881 1094 928 dimovet:

159 954 243 1002 Sic
263 952 519 999 desideriis
540 943 903 999 ieta‘fidelibus·

237 1080 239 1082 .
452 1023 645 1084 Quaerit
661 1021 819 1085 patria
838 1023 1091 1071 Caesarem.
1140 1051 1145 1054 2

161 1097 332 1143 Tutus
348 1094 442 1142 bos
461 1095 644 1142 etenim
662 1110 778 1141 rura
797 1093 1134 1157 perambulat:

161 1166 344 1213 Nutrit
360 1181 476 1212 rura
495 1165 666 1225 Ceres,
684 1165 912 1229 almaque
930 1165 1192 1212 Faustitas:

162 1240 404 1285 Pacatum
425 1236 636 1284 volitant
653 1252 743 1299 per
760 1252 897 1283 mare
916 1237 1116 1290 navitae:

451 1307 653 1370 Culpari
672 1307 854 1358 metuit
873 1305 1037 1352 Fides:

163 1379 337 1427 Nullis
353 1378 601 1442 polluitur
619 1389 747 1425 casta
766 1374 947 1425 domu's
965 1376 1176 1440 stupris:

164 1452 283 1498 Mos
300 1460 350 1498 et
367 1450 449 1497 lex
467 1449 780 1497 maculosum
798 1448 1026 1497 edomuit
1044 1447 1203 1494 nefas:

167 1522 459 1569 Laudamur
476 1521 624 1568 simili
642 1520 783 1582 prole
801 1535 1083 1582 puerperae:

454 1593 667 1654 Culpam
686 1605 831 1654 poena
849 1589 1037 1652 premit
1052 1598 1235 1653 comet.

170 1662 299 1725 Quis
317 1663 558 1711 Parthum
575 1661 783 1726 paveat?
801 1661 914 1724 quis
934 1658 1153 1722 gelidum
1176 1657 1422 1723 Scythen?

170 1735 327 1795 Quis,
350 1734 613 1781 Germania
631 1749 759 1796 quos
775 1730 980 1780 horrida
996 1730 1211 1794 parturit

168 1808 346 1865 Fetus,
362 1805 609 1853 incolumi
630 1804 846 1852 Caesare?
865 1803 978 1866 quis
997 1802 1111 1851 ferae

411 1919 418 1929 ,
453 1876 651 1923 Bellum
670 1886 812 1922 curet
831 1874 1035 1922 Iberiae?

173 1946 359 1995 Condit
378 1946 590 2010 quisque
608 1946 740 1993 diem
758 1945 1043 2011 collibusin
1061 1946 1190 2005 suis,

171 2019 233 2064 Et
251 2019 408 2064 vitem
427 2017 601 2064 viduas
621 2017 760 2064 ducit
776 2017 839 2064 ad
858 2017 1081 2065 arbores:

171 2089 299 2135 Hinc
317 2087 381 2135 ad
398 2089 512 2135 vina
529 2088 656 2136 redit
672 2089 841 2147 laetus»,
860 2099 910 2135 et
921 2089 940 2110 ²
953 2089 1117 2136 alteris

458 2162 527 2206 Te
546 2160 727 2206 mensis
744 2159 947 2206 adhibet
965 2161 1154 2206 Deum:

176 2231 246 2279 Te
263 2228 423 2277 multa
441 2246 584 2292 prece
596 2262 611 2289 ‚
631 2241 680 2278 te
696 2230 1020 2294 prosequitur
1038 2244 1177 2276 mero

177 2300 368 2347 Defuso
388 2301 595 2363 pateris;
613 2312 663 2348 et
680 2300 888 2349 Laribus
910 2311 1056 2347 tuum

176 2371 358 2418 Miscet
376 2386 592 2430 numen,
611 2372 689 2418 uti
708 2372 893 2419 Graecia
913 2370 1128 2420 Castoris

461 2443 525 2489 Et
535 2441 711 2504 magni
728 2457 920 2488 memor
937 2441 1180 2488 Herculis.

176 2514 371 2576 Longas
389 2511 420 2558 ὀ
439 2514 657 2572 utinam,
676 2514 796 2560 Dux
811 2511 970 2571 bone,
988 2511 1130 2558 ferias

106 2650 137 2680 a
174 2634 401 2681 Secundis
438 2636 607 2681 mensis
644 2635 731 2680 tibi
796 2636 920 2689 vino.

54 2699 196 2748 honor
224 2702 473 2763 exhibetur
501 2701 629 2747 cultu
662 2701 731 2746 di-
